1977 3209
322 110 449 150 xxxiv
636 109 1009 151 CHAPMANNI
1042 107 1492 149 COMMENTATIO

321 217 573 252 monuerunt
604 227 680 266 pro
717 214 855 254 σίτλας
891 214 1052 264 Σίγλας.
1114 212 1258 265 Atque
1294 212 1336 251 id
1373 212 1466 265 jure
1500 210 1663 251 merito.
1725 210 1833 250 Nam

322 283 604 333 praeterquam
635 279 745 332 quod
774 279 954 319 alienum
986 292 1158 331 prorsus
1188 278 1323 318 locum
1354 282 1543 331 occupat,
1567 277 1602 317 si
1622 276 1833 317 vasculum

321 344 493 398 alicujus
523 345 686 399 generis
721 345 975 398 significaret
1009 344 1126 397 <quid
1160 344 1269 384 enim
1302 343 1471 384 auribus
1504 358 1598 383 cum
1628 343 1785 397 poculis
1800 344 1831 394 ἓ)

323 415 491 451 constat
513 411 865 465 e'vchrca.quaeda1n
887 410 1000 450 dicta
1019 410 1146 450 fuisse
1169 412 1323 461 σίγλας.
1386 410 1635 464 Hesychius.
1678 411 1832 460 Σίγλαι.

324 478 474 517 ἐνώτια.
523 479 683 529 Σίγλον.
738 479 907 527 νόμισμα
940 477 1139 527 Περσικὸν
1161 477 1378 526 δυνάμενον
1399 478 1498 516 ὀκτὼ
1520 477 1690 527 ὀβολοὺς
1709 475 1836 515 Ἀττι-

323 543 423 590 κοὺς,
447 545 508 583 καὶ
531 543 629 584 εἶδος
651 545 833 583 ἐνωτίων.
888 543 1117 583 Claviculas
1142 543 1268 583 etiam
1299 542 1506 583 inaurium
1527 542 1834 596 significabant.

262 613 308 653 15
326 608 454 648 Idem.
517 611 599 650 Τὰς
622 612 875 649 κατακλεῖὸας
896 613 972 648 τῶν
995 610 1163 648 ἐνωτίων
1185 610 1326 660 σίγλας
1348 611 1482 660 φασίν.
1536 610 1588 648 Οἱ
1609 610 1649 648 δὲ
1672 608 1768 647 αὐτὰ
1787 609 1836 646 τὰ

321 677 469 716 ἐνώτια.
506 675 603 715 Huc
623 676 797 723 accedit,
822 676 934 730 quod
958 675 1085 716 MSS.
1107 675 1269 715 codices
1300 675 1466 728 plurimi
1487 675 1594 715 hanc
1614 675 1835 715 lectionem

322 742 522 781 exhibent
543 742 724 781 ‘cestibus
747 742 919 781 Kiihnio
951 746 994 781 et
1014 741 1347 795 Jungermanno.
1400 741 1513 781 Hinc
1534 742 1637 782 satis
1658 744 1836 795 apparet

321 812 610 848 enarratorem
631 812 822 847 nostrum
838 807 1048 847 veteribus
1068 807 1374 861 lexicographis
1390 807 1515 847 fuisse
1532 807 1805 847 recentiorem
1820 824 1831 853 ;

321 874 564 927 neutiquam
596 874 717 921 enim,
742 874 775 913 si
809 888 907 914 usus
939 878 981 914 et
1012 873 1214 913 sermonis
1246 873 1477 927 quotidiani
1508 878 1634 914 aetate
1660 888 1735 913 sua
1755 887 1836 913 vox

325 940 398 980 illa
428 940 577 989 fuerat,
608 939 845 980 omisissent
877 944 945 980 tot
977 939 1235 980 onomastici.
1298 940 1511 980 Praeterea
1540 944 1781 979 recensetur
1809 953 1836 979 a

321 1006 489 1047 Joanne
523 1007 710 1046 Meursio
744 1007 785 1046 in
817 1006 1018 1060 glossa-rio
1052 1021 1126 1045 suo
1165 1006 1523 1046 Graeco-Barbam
1565 1005 1674 1046 inter
1714 1019 1836 1045 voces

322 1073 715 1121 Graeco-Barbaras,
741 1078 783 1113 et
804 1087 829 1113 a
853 1073 1004 1113 Latino
1027 1074 1152 1112 verbo
1173 1074 1298 1112 situla
1320 1073 1657 1113 manifestissime
1679 1072 1837 1112 diffieta

321 1144 399 1178 est.
460 1139 701 1179 Alexander
723 1139 957 1179 Trallianus
978 1139 1136 1192 primus
1158 1139 1219 1179 vel
1250 1139 1361 1179 inter
1379 1139 1536 1193 primos
1558 1139 1724 1179 videtur
1745 1151 1836 1177 esse

322 1207 392 1260 qui
413 1207 492 1246 hoc
513 1207 759 1246 vocabulum
790 1207 1015 1260 usurparit.
1040 1207 1146 1248 sicut
1169 1208 1436 1247 observatum
1465 1208 1581 1247 dedit
1612 1211 1707 1260 post·
1730 1206 1836 1246 Con-

322 1273 565 1322 stantinum,
585 1278 627 1313 et
644 1273 875 1313 Meursium
891 1274 1071 1327 Gangius
1089 1274 1216 1314 etiam
1237 1275 1555 1314 eruditissimus.
1590 1273 1673 1312 Hic
1694 1278 1837 1313 autem

321 1340 579 1394 professione
599 1340 782 1379 medicus
804 1340 907 1380 vixit
929 1340 1188 1394 temporibus
1211 1341 1239 1379 J
1243 1341 1454 1389 ustiniani‚
1478 1340 1503 1380 i.
1526 1354 1560 1380 e.
1585 1340 1698 1380 circa
1719 1340 1772 1378 A.
1789 1339 1834 1379 G.

321 1418 418 1461 530.
461 1407 532 1446 diu
573 1411 669 1460 post·
707 1407 935 1460 Ulpianum
974 1407 1197 1448 rhetorem.
1276 1407 1466 1461 Denique
1501 1407 1614 1462 apud
1647 1405 1835 1447 ecclesia-

322 1474 451 1514 stieos
472 1474 619 1513 mediae
640 1478 767 1526 atque
789 1473 942 1512 infimae
965 1473 1205 1514 Graecitatis
1228 1475 1431 1528 praecipue
1454 1475 1495 1514 in
1516 1489 1593 1514 usu
1613 1473 1706 1514 fuit.
1768 1472 1835 1512 Sic

319 1541 468 1595 glossae
503 1539 666 1579 biblicae
703 1540 830 1580 MSS.
867 1540 978 1594 apud
1016 1540 1229 1595 Cangium.
1277 1544 1484 1592 Κρατῆρες,
1523 1543 1561 1581 αἱ
1602 1541 1750 1588 σίτλαι,
1795 1541 1835 1580 αἱ

322 1608 480 1658 σκύφαι.
542 1607 725 1646 Rursum
747 1608 893 1657 Σκύφη,
918 1608 1067 1647 σίτλον.
1130 1607 1236 1647 Aliae
1260 1607 1418 1648 habent
1441 1610 1605 1660 σκύφον.
1671 1607 1773 1647 Vita
1792 1607 1833 1646 S.

322 1673 530 1713 Theodori
568 1674 754 1727 Syceotae
797 1673 890 1713 MS.
926 1672 1025 1712 ibid.
1084 1674 1159 1713 Καὶ
1196 1674 1406 1725 ἐρευνήσας
1439 1676 1482 1714 ἐν
1519 1678 1834 1714 Κωνσταντινου-

321 1740 435 1779 πόλει
465 1740 524 1778 ὅτι
555 1740 630 1779 ἀπὸ
663 1741 800 1780 σίτλας
830 1739 878 1788 ἦν
899 1739 1002 1780 τινὸς
1031 1741 1231 1790 ἑταιρίὸος,
1254 1741 1328 1780 &a
1390 1740 1619 1781 Zacharias
1642 1740 1762 1793 Papa
1791 1739 1834 1779 in

321 1805 508 1845 versione
540 1819 615 1846 sua,
653 1805 801 1845 Graeca
838 1805 1097 1859 dialogorum
1131 1805 1485 1860 Gregorianorum
1519 1807 1589 1847 lib.
1612 1820 1646 1846 Ι.
1685 1821 1773 1860 cap.
1798 1819 1831 1844 1.

320 1871 419 1911 ibid.
481 1872 555 1911 Καὶ
584 1874 682 1922 μετὰ
713 1873 851 1913 σίτλας
882 1871 1037 1921 ξυλίνης
1070 1874 1193 1914 καθὼς
1225 1873 1356 1913 αὐτόθι
1379 1874 1465 1914 ἔθος
1486 1875 1606 1919 ἐστὶν,
1629 1874 1673 1913 τὸ
1696 1871 1834 1923 ἀνδρά-

319 1941 442 1978 ποδον
464 1939 516 1979 εἰς
536 1938 605 1987 τὴν
626 1938 754 1990 πηγὴν
777 1939 946 1988 εἰσῆλθε.
1008 1938 1095 1978 Ubi
1117 1938 1344 1992 Gregorius
1374 1953 1550 1993 magnus
1576 1940 1706 1980 habet
1732 1939 1834 1979 situ-

321 2005 402 2044 lam
442 2006 630 2057 lz'yneam.
693 2004 761 2044 Sic
803 2004 932 2045 etiam
972 2005 1184 2060 eucholog.
1229 2006 1356 2046 Goari
1396 2006 1439 2045 in
1478 2005 1612 2046 officio
1653 2005 1832 2046 dedicat.

320 2070 476 2124 templi.
501 2086 541 2124 p.
566 2072 663 2124 833.
696 2073 866 2122 Χύτραν,
890 2071 1077 2122 θερμηρὸν
1109 2073 1283 2123 ἀγγεῖον,
1318 2074 1380 2112 καὶ
1411 2074 1551 2112 σίτλαν
1580 2071 1602 2122 ἢ
1635 2072 1832 2123 ἐπιχύτην.

321 2137 482 2176 Rursus
503 2152 542 2190 p.
563 2138 656 2189 844.
705 2139 781 2177 Καὶ
803 2137 961 2188 φέρεται
983 2139 1099 2177 σίτλα
1119 2142 1185 2176 τοῦ
1206 2139 1317 2189 ἁγίου
1337 2140 1610 2189 βαπτίσματος
1630 2143 1831 2187 πεπληρω-

319 2203 417 2252 μένη
438 2205 573 2245 ὕδατος
593 2206 769 2254 χλιαροῦ.

380 2270 417 2320 ξ.
442 2269 479 2308 8.
514 2269 630 2308 Idem
665 2273 812 2308 auct-or
847 2269 901 2309 ad
931 2269 1223 2323 Olynthiacam
1260 2271 1483 2310 secundam
1518 2271 1605 2310 haec
1639 2271 1831 2310 adnotat.

319 2334 577 2386 Ἀγνωμόνως
598 2335 728 2387 ἔχετε]
756 2334 1009 2386 Ἀγνώμονας
1039 2336 1149 2387 λέγει
1181 2337 1267 2378 τοὺς
1297 2336 1493 2386 ἀνοήτους,
1519 2339 1614 2376 κατὰ
1645 2336 1832 2387 στέρησιν

262 2403 386 2452 Ῑὸτῆς
421 2401 586 2452 γνώμης·
621 2401 693 2453 οὐχ
724 2402 855 2452 ὥσπερ
891 2404 958 2441 νῦν
990 2401 1243 2453 Ἀγνώμονας
1276 2406 1470 2452 καλοῦμεν
1499 2404 1586 2444 τοὺς
1619 2403 1670 2453 μὴ
1699 2404 1830 2442 ἀποδί-

321 2471 459 2509 δοντας
489 2469 537 2506 τὰ
566 2467 676 2519 χρέα,
699 2467 819 2519 ἤγουν
839 2470 906 2508 τὰς
936 2467 1114 2517 ἀμοιβάς.
1151 2468 1345 2509 lVoIfiUS.
1403 2470 1681 2521 Incoyz'tantes
1708 2469 1823 2521 estis]

319 2533 569 2585 Ἀγνώμονας
590 2534 691 2573 dicit
713 2534 992 2585 incoyz'tanteS,
1016 2535 1131 2585 quasi
1144 2536 1333 2586 privatos
1355 2536 1610 2586 coyatatione.
1671 2535 1765 2573 Non
1786 2539 1831 2574 ut

318 2613 427 2639 nunc
449 2601 677 2650 ἀγνώμονας
698 2614 885 2639 vocamus
905 2614 970 2639 eos
992 2601 1059 2651 qm·
1081 2601 1216 2640 debita
1239 2601 1283 2640 id
1302 2604 1360 2639 est
1385 2601 1507 2640 vicem
1528 2615 1605 2640 non
1626 2601 1802 2640 reddant
1815 2618 1827 2646 ;

318 2668 393 2706 Ιιοο
414 2670 474 2705 est
494 2667 690 2718 inyratos.
755 2666 820 2705 Ex
851 2665 914 2705 his
946 2666 1179 2706 scholiastae
1210 2666 1345 2706 verbis
1377 2667 1459 2706 duo
1489 2667 1698 2720 praecipue
1729 2672 1828 2707 sunt

319 2732 590 2773 observanda.
653 2732 807 2771 Primo.
870 2731 1029 2772 Vocem
1047 2732 1262 2784 Ἀγνώμων
1283 2733 1537 2773 enarratoris
1568 2732 1826 2786 temporibus

320 2799 528 2839 diversum
563 2813 731 2851 prorsus
767 2798 960 2839 habuisse
994 2813 1158 2839 sensum
1199 2800 1252 2839 ab
1289 2799 1355 2839 illo
1392 2813 1513 2852 quem
1547 2798 1643 2839 olim
1676 2799 1821 2839 tenuit.
