1977 3209
743 117 819 156 DE
854 117 1140 157 ULPIANO.
1627 121 1694 161 xlv

187 219 256 259 illa
276 219 534 274 longiuscula
559 234 650 273 quae
676 221 822 261 incerti
850 222 1032 262 auctoris
1061 222 1225 262 nomine
1246 223 1448 271 feruntur,
1470 223 1523 264 ab
1549 226 1693 265 eodem

187 286 375 338 profecta
403 286 540 333 fuisse,
571 301 652 338 quo
683 286 760 339 ipsi
788 288 1087 328 commentarii.
1151 288 1220 327 Ad
1249 288 1481 329 orationem
1510 291 1558 329 de
1576 291 1693 341 salsa

187 354 385 405 [efflatione
415 353 476 393 ait
507 358 738 393 enarrator.
800 352 972 403 Ἐπειδὴ,
1005 356 1054 396 ὡς
1086 355 1268 405 ἔγνωμεν,
1296 357 1392 395 κατὰ
1420 356 1587 406 σελήνην
1615 359 1693 408 ἀρι-

186 422 351 469 θμοῦσιν
373 421 408 458 οἱ
428 418 637 468 Ἀθηναῖοι.
703 420 912 470 Quoniam,
934 422 1038 460 sicut
1059 426 1186 461 antea
1212 425 1359 461 notum
1385 422 1568 471 fecimus,
1592 425 1694 463 lunae

186 499 346 524 cursum
381 486 423 523 in
459 486 653 536 computis
687 487 771 524 svis·
805 491 1025 537 sequuntur
1058 488 1337 527 Athenienses.
1400 488 1457 527 Et
1486 489 1541 528 ad
1573 489 1692 530 Orat.

185 556 295 591 cont.
321 550 612 591 Timocratem.
674 550 888 602 Πρυτάνεις
917 554 956 591 δὲ
978 553 1065 594 τοὺς
1092 553 1344 602 πεντήκοντα,
1366 555 1429 596 οὓς
1455 557 1612 605 εἴπομεν
1634 558 1694 596 ἀεὶ

186 618 533 668 προβαλλομένους
562 619 658 668 ὑπὲρ
692 618 768 670 (vel
790 619 883 671 ὑπὸ)
912 621 977 668 τῆς
1009 620 1104 659 ἰδίας
1132 622 1271 670 φυλῆς,
1301 621 1361 660 καὶ
1388 623 1695 671 πρυτανεύοντας

186 684 230 723 τὸ
260 683 371 734 μέρος
402 685 515 723 αὐτοῦ
550 685 639 736 (pro
670 683 782 734 μέρος
811 685 925 724 αὐτοῦ
950 684 1168 738 legendum
1190 686 1308 725 velim
1329 687 1445 737 μέρος
1466 689 1591 728 αὐτῶν
1611 693 1690 735 τοῦ,

183 750 208 790 i.
226 764 260 790 e.
292 755 456 803 partem
488 752 620 803 suam)
662 752 847 790 ἐνιαυτοῦ.
908 752 1114 802 Prytanes
1148 766 1254 802 vcro,
1284 754 1364 792 viri
1399 755 1693 806 quinquaqinta

183 830 281 868 quos
302 815 481 855 diximus
507 830 662 867 semper
683 817 806 868 delz'yz'
832 818 972 856 solitos
992 831 1072 868 pro
1093 831 1167 856 aaa
1189 819 1310 868 tribu,
1333 823 1371 858 et
1392 834 1553 860 munere
1568 821 1693 874 ficnyz'

182 884 386 922 senatorio
401 897 480 934 pro
501 897 574 921 3ιια
597 887 719 933 parte
740 884 850 922 anni.
912 883 962 921 In
990 883 1122 936 prima
1148 884 1340 937 pericope
1368 886 1469 926 dicit
1497 901 1540 926 se
1566 892 1693 929 antea

183 949 380 989 lectorem
408 949 606 996 docuisse,
630 963 791 988 menses
816 949 1138 989 Atheniensium
1167 951 1221 989 ad
1249 951 1356 990 lunae
1385 966 1551 991 cursum
1578 967 1689 992 com-

184 1017 292 1069 poni.
357 1017 451 1056 Hoc
483 1030 580 1055 vero
616 1030 821 1069 nusquam
853 1016 976 1056 docet
1009 1016 1086 1055 nisi
1119 1016 1160 1055 in
1196 1022 1443 1070 argumento
1478 1019 1533 1058 ad
1569 1019 1688 1059 Orat.

184 1087 294 1123 cont.
317 1083 635 1130 Androtionem,
658 1082 720 1121 his
742 1083 890 1122 verbis.
951 1081 1101 1122 Ἰστέον
1122 1084 1180 1122 ὅτι
1205 1084 1272 1123 οὐκ
1300 1084 1495 1136 ἐψήφιζον
1517 1087 1553 1124 οἱ
1578 1084 1691 1136 Ἀθη-

185 1153 286 1188 ναῖοι
315 1149 401 1190 τοὺς
430 1151 553 1198 μῆνας
585 1151 680 1188 κατὰ
707 1149 775 1189 τὸν
796 1149 959 1198 ἡλιακὸν
981 1150 1121 1199 δρόμον
1143 1150 1191 1191 ὡς
1220 1150 1342 1200 ἡμεῖς,
1365 1152 1471 1191 ἀλλὰ
1500 1154 1594 1191 κατὰ
1623 1152 1692 1192 τὸν

185 1216 428 1264 σεληνιακόν.
491 1214 685 1254 Wolfius.
731 1216 960 1265 Sciendum,
982 1229 1061 1255 non
1087 1221 1325 1267 supputatos
1351 1231 1434 1257 esse
1455 1232 1618 1258 menses
1637 1219 1692 1258 ab

186 1281 514 1321 Atheniensibus
541 1282 595 1321 ad
621 1281 729 1331 solis,
752 1287 800 1322 ut
820 1297 846 1322 a
873 1282 1003 1331 nobis,
1026 1284 1099 1322 secl
1124 1283 1177 1323 ad
1197 1283 1306 1324 lunae
1328 1298 1501 1323 cursum.
1564 1285 1692 1326 Patet

185 1347 313 1401 igitur
336 1348 448 1388 ultro
476 1352 665 1387 nostrum
691 1353 986 1402 argumentum
1016 1348 1117 1387 illud
1141 1363 1216 1401 pro
1245 1363 1319 1388 suo
1346 1350 1577 1404 agnovisse.
1642 1351 1692 1390 In

184 1413 375 1467 pericope
403 1414 584 1454 secunda
603 1414 812 1454 monuisse
832 1429 874 1454 se
896 1414 999 1454 dicit
1025 1414 1228 1469 singulam
1248 1415 1405 1455 tribum
1426 1417 1596 1471 elegisse
1617 1432 1693 1470 pro

186 1494 229 1520 se
264 1485 462 1535 prytanes
498 1481 814 1535 quinquaginta,
849 1486 892 1522 et
926 1496 1081 1522 annum
1113 1482 1224 1522 inter
1255 1497 1298 1522 se
1328 1483 1593 1537 magistratui
1625 1499 1693 1538 ge-

186 1547 320 1586 rundo
360 1547 633 1588 distribuisse.
708 1548 802 1588 Hoc
839 1562 1002 1602 quoque
1040 1563 1245 1602 nusquam
1279 1549 1381 1589 alias
1421 1550 1498 1590 nisi
1539 1550 1580 1590 in
1615 1551 1694 1591 hoc

186 1618 434 1668 argumento
469 1614 760 1654 inveniendum
800 1619 876 1655 est.
945 1614 1103 1667 'prov
1143 1616 1210 1655 οὖν
1250 1617 1286 1656 οἱ
1325 1617 1586 1666 πεντακόσιοι,
1628 1619 1695 1659 τὰς

186 1682 406 1731 τριακοσίας
426 1680 664 1730 πεντήκοντα
683 1680 836 1732 ἡμέρας.
896 1680 1010 1720 Ἀλλ’
1036 1682 1166 1731 ἐπειδὴ
1196 1683 1340 1722 πολλοὶ
1370 1683 1485 1732 ἦσαν,
1516 1684 1575 1723 καὶ
1607 1688 1696 1724 δυσ-

186 1752 310 1800 χερῶς
343 1748 460 1798 ἤνυον
495 1749 543 1787 τὰ
577 1746 796 1799 πράγματα,
832 1751 978 1788 διεῖλον
1010 1749 1166 1790 ἑαυτοὺς
1201 1750 1254 1790 εἰς
1289 1748 1378 1788 δέκα
1411 1751 1565 1800 μερίδας
1600 1753 1696 1791 κατὰ

187 1817 256 1856 τὰς
276 1817 417 1866 φυλὰς,
437 1816 512 1854 ἀνὰ
533 1814 782 1863 πεντήκοντα.
833 1816 1004 1856 Τούτους
1024 1817 1099 1866 γὰρ
1117 1814 1259 1866 ἑκάστη
1280 1816 1386 1867 φυλὴ
1407 1815 1695 1867 προεβάλλετο.

194 1881 384 1921 Wolfius.
437 1882 653 1933 Quinyentz'
692 1882 821 1932 iyitar
859 1882 921 1920 illi
962 1886 1160 1921 trecentos
1199 1884 1494 1934 quinquayinta
1534 1884 1620 1922 dies
1652 1885 1696 1923 in

187 1948 433 1999 mayz’stratu
454 1952 585 1986 erant.
646 1948 730 1986 Sed
754 1949 849 1998 quia
870 1949 987 1987 multi
1013 1953 1143 1997 erant,
1166 1953 1204 1988 et
1225 1950 1385 2000 neyotz‘a
1407 1963 1485 1988 non
1512 1950 1696 2000 eoepedz'te
1709 1962 1757 1997 32

188 2014 465 2063 succedebant,
502 2014 766 2052 clecnriarzmt
800 2027 885 2053 sese
913 2028 992 2065 pro
1029 2015 1204 2053 tribuum
1238 2028 1415 2063 numero,
1450 2019 1495 2054 ut
1528 2016 1696 2066 sinyutae

189 2080 361 2119 decuriae
382 2081 682 2131 quinquayenos
702 2080 963 2119 continerent.
1025 2080 1117 2119 Hos
1142 2081 1250 2120 enim
1274 2095 1534 2134 unaquaeque
1561 2081 1696 2121 tribus

190 2145 450 2199 designabat.
522 2145 683 2186 Deinde
717 2146 840 2200 paulo
875 2146 993 2186 infra.
1052 2145 1200 2186 Ἰο-τέον
1235 2146 1264 2187 δ’
1299 2148 1358 2186 ὅτι
1393 2149 1428 2186 οἱ
1459 2149 1531 2196 μὲν
1561 2147 1693 2198 πεντή-

190 2229 305 2251 κοντα
346 2214 554 2252 ἐκαλοῦντο
592 2211 805 2263 πρυτάνεις.
870 2214 1086 2253 Sciendum
1122 2218 1256 2253 autem
1290 2218 1362 2263 est,
1399 2215 1698 2266 quinqua-(lenos

189 2279 281 2318 illos·
311 2283 474 2318 vocatos
495 2278 628 2330 fuisse
663 2280 859 2319 curiones.
922 2278 1086 2319 Clarius
1120 2281 1307 2333 profecto
1337 2280 1492 2334 aliquid
1524 2280 1592 2319 vix
1628 2295 1697 2334 op—

191 2349 317 2385 tares.
375 2345 647 2398 Respondent
677 2345 786 2384 enim
817 2360 942 2400 quam
972 2347 1232 2387 exactissime
1263 2349 1417 2390 τούτους
1449 2350 1524 2399 γὰρ
1556 2346 1698 2397 ἑκάστη

191 2411 297 2463 φυλὴ
317 2410 590 2461 προεβάλλετο
612 2411 703 2452 istis
724 2426 851 2465 supra
876 2413 1017 2453 citatis
1048 2414 1111 2455 οὓς
1143 2416 1300 2463 εἴπομεν
1331 2415 1391 2454 ἀεὶ
1422 2414 1699 2464 προβαλλομέ-

191 2493 289 2519 νους.
351 2477 504 2517 Omnia
524 2483 665 2518 autem
692 2484 940 2532 argumenta
960 2479 1029 2520 illa
1047 2495 1254 2534 anonyma
1276 2481 1461 2534 ejusdem
1481 2479 1699 2520 commatis

192 2548 235 2584 et
265 2557 412 2583 manus
443 2558 533 2584 esse
563 2559 684 2584 nemo
715 2550 790 2593 est,
823 2546 961 2594 credo,
995 2547 1064 2599 qui
1095 2547 1322 2601 negaverit.
1383 2547 1518 2586 Porro
1553 2546 1699 2586 confir-

191 2614 332 2650 matur
362 2610 470 2650 idem
502 2626 552 2651 ex
582 2611 662 2651 alio
692 2612 795 2652 loco.
860 2613 901 2652 Is
932 2617 996 2653 est
1022 2613 1065 2652 in
1096 2618 1344 2668 argumento
1371 2614 1425 2654 ad
1457 2614 1575 2654 Orat.
1606 2614 1701 2664 πρὸς

192 2678 352 2717 Λεπτίν.
385 2678 461 2717 sub
482 2678 551 2717 fin.
610 2676 731 2718 Ἰτέον
752 2680 794 2718 δὲ
816 2679 878 2718 ἐπὶ
899 2679 968 2728 τὴν
987 2681 1253 2731 μεταχείρισιν
1273 2682 1340 2719 τοῦ
1359 2681 1491 2731 λόγου.
1555 2681 1700 2719 Verum

193 2744 249 2781 ad
273 2744 401 2794 ipsius
428 2745 626 2783 orationis
653 2746 942 2796 caym-§itionem
963 2747 1253 2785 transeundum
1274 2751 1345 2786 est.
1406 2746 1513 2786 Haec
1534 2745 1699 2798 quidem

192 2811 347 2851 absunt
367 2812 410 2851 in
438 2812 618 2853 editione
642 2812 801 2861 Wolfii‚
823 2818 869 2853 at
891 2818 1133 2867 comparent
1159 2814 1200 2853 in
1225 2813 1470 2853 Morelliana
1495 2827 1586 2865 quae
1608 2826 1699 2853 eam
