1977 3209
252 113 337 152 xxii
799 116 1219 156 PRAEFATIO.

254 225 278 242 ‘⁶
301 220 403 264 simi
447 222 735 280 opusculum,
771 228 825 266 ut
861 224 1078 267 orationis
1114 223 1310 267 infantia
1346 228 1393 266 et
1429 222 1662 280 spurcitie,
1696 223 1762 266 ita

252 302 278 319 “
302 297 437 356 nugis
462 313 645 355 quoque
670 298 869 342 anilibus
894 304 941 342 et
961 299 1238 342 commentis
1262 298 1310 342 in
1335 299 1581 341 veritatem
1606 312 1761 340 rerum

251 374 275 393 ‘⁶
301 370 564 416 historicam
594 373 878 416 abnormiter
901 373 1269 431 impingentibus
1293 373 1560 431 putidisque
1580 371 1762 416 fabellis

250 451 274 470 ‘⁶
300 454 462 490 scatet.
518 447 765 498 Posterius,
793 454 862 491 est
887 448 1003 491 illud
1029 449 1215 506 quidem
1242 449 1380 507 paulo
1406 448 1583 496 tersius,
1610 449 1689 492 sed
1714 448 1760 490 in

250 527 274 545 “
299 537 347 566 se
388 523 539 581 ipsum
582 538 765 581 quoque
804 523 933 576 leve3
970 524 1107 567 ambo
1148 523 1227 567 illa.
1265 523 1489 582 opuscula
1525 523 1640 567 nihil
1680 538 1762 567 nos

249 604 274 622 ‘⁶
300 599 469 642 docent
504 599 626 657 quod
662 614 755 642 non
791 600 967 643 dudum
1003 615 1256 649 nossemus,
1287 605 1369 643 aut
1405 614 1459 643 ea
1493 599 1626 643 nobis
1662 614 1763 657 per-

250 681 274 699 “
299 690 482 719 5113511111
510 682 638 728 eunt,
664 691 769 733 qnae
794 691 1032 733 nunquam
1058 676 1407 719 committemus
1431 680 1485 719 ut
1505 675 1634 719 nobis
1660 690 1761 733 per-

249 756 273 774 “
299 751 592 794 suadeantur.
665 750 801 794 Misit
827 751 906 794 illa
936 752 1027 795 duo
1065 751 1287 808 opuscula
1323 752 1379 794 ad
1417 766 1492 794 me
1527 751 1764 810 Schweig-

249 832 273 849 “
299 826 531 870 haeuserus
556 841 686 870 meus
721 827 1013 886 Strasburgo,
1048 842 1073 869 e
1109 827 1267 870 codice
1304 826 1599 870 bibliothecae
1627 827 1763 884 regiae

249 908 272 925 ‘⁶
299 902 516 946 Parisinae
556 916 695 963 2935.
730 918 756 946 a
791 917 838 946 se
878 904 1122 961 exscripta,
1156 903 1234 961 qni
1275 902 1458 946 notulas
1497 903 1539 946 01
1579 917 1763 960 quoque

253 977 544 1021 “nonnullas
577 992 679 1021 suas
711 978 948 1036 adspersit,
986 993 1098 1035 quas
1136 977 1225 1028 1110,
1263 984 1316 1021 ut
1352 993 1432 1036 par
1464 983 1576 1027 erat„
1604 991 1764 1021 01111105

248 1059 273 1077 “
297 1053 554 1106 retulimus,
597 1054 807 1112 apposito
843 1053 984 1111 ipsius
1020 1054 1220 1103 nomine,
1257 1068 1363 1096 nam
1417 1060 1597 1097 caeterae
1644 1068 1763 1096 meae

248 1136 273 1153 “
296 1135 417 1173 sunt.
488 1128 711 1181 Alterius,
755 1144 780 1173 a
821 1129 1010 1173 Zosimo
1053 1129 1260 1187 profecti,
1302 1129 1569 1188 exemplum
1613 1129 1763 1172 Roma

247 1211 274 1228 “
301 1221 484 1263 quoque
509 1206 566 1249 ad
592 1221 667 1249 me
693 1206 884 1250 missum
911 1212 1006 1250 est:
1045 1221 1135 1263 quo
1161 1206 1333 1249 factum
1361 1212 1413 1249 ut
1438 1206 1493 1249 ad
1520 1205 1762 1249 Zosimum

246 1286 272 1305 ‘⁶
295 1281 457 1325 afferre
482 1281 705 1326 lectiones
731 1283 902 1326 codicis
924 1282 1122 1325 Romani
1148 1282 1336 1340 possim.
1386 1281 1563 1325 Noram
1586 1281 1762 1325 scilicet

246 1363 270 1380 ‘⁶
294 1357 341 1400 in
366 1357 594 1402 Vaticana
618 1373 855 1417 superesse
880 1358 1238 1402 commentarios
1271 1358 1328 1401 ad
1364 1356 1562 1402 XVIII.
1589 1358 1762 1415 priores

245 1438 272 1456 ‘⁶
299 1432 632 1478 Demosthenis
669 1435 912 1486 orationes,
940 1435 1140 1478 tributos
1177 1433 1367 1478 Zosimo
1405 1434 1588 1477 cuidam
1615 1432 1763 1476 Asca-

245 1514 271 1533 ⁴‘
294 1508 462 1553 lonitac.
534 1509 772 1554 Ardebam
799 1511 1053 1569 cupiditate
1080 1510 1401 1569 cognoscendi,
1426 1516 1582 1553 utrum
1609 1509 1689 1552 illo
1714 1509 1761 1552 111

246 1592 270 1609 “
296 1586 454 1629 codice
493 1594 788 1645 superessent
825 1587 1087 1646 fragmenta
1124 1587 1546 1630 vetustissimorum
1588 1585 1761 1628 Demo-

246 1667 270 1685 “
297 1661 472 1706 sthenis
498 1663 805 1720 interpretum
831 1662 1023 1705 meliora
1048 1662 1151 1712 illis,
1178 1677 1279 1719 quae
1300 1661 1440 1721 vulgo
1467 1661 1551 1704 sub
1569 1661 1760 1720 Ulpiani

246 1744 269 1762 ‘⁴
294 1739 482 1782 nomine
507 1739 911 1782 circumferuntur.
967 1737 1149 1781 Dabam
1176 1753 1313 1796 super
1337 1738 1422 1781 hac
1448 1753 1496 1781 re
1522 1737 1678 1780 literas
1703 1737 1761 1780 ad

245 1819 272 1838 “
298 1813 587 1857 Ludovicnn]
632 1814 954 1865 Bianconium,
997 1813 1058 1858 V.
1101 1814 1138 1858 I.
1179 1813 1299 1857 aulae
1348 1814 1590 1858 saxonica}
1637 1813 1760 1871 apud

245 1898 269 1914 ‘⁵
296 1890 555 1934 Romanam
605 1891 921 1941 Residentem,
966 1890 1109 1947 cujus,
1158 1905 1264 1934 011111
1312 1891 1433 1933 inter
1478 1904 1561 1932 nos
1608 1889 1761 1933 adhuc

245 1973 270 1990 ‘⁴
294 1972 466 2025 ageret,
509 1968 694 2026 egregia
742 1982 849 2026 erga
897 1981 971 2010 me
1019 1968 1108 2010 fuit
1147 1967 1373 2017 voluntas,
1422 1965 1666 2023 multaque
1713 1971 1762 2008 et

245 2048 462 2101 “magna
503 2043 559 2086 ab
598 2043 678 2086 illo
719 2044 766 2086 111
804 2058 880 2086 1110
921 2043 1089 2087 collata
1137 2048 1422 2093 ornamenta,
1465 2056 1664 2099 quorum
1703 2041 1760 2092 ei,

245 2123 269 2141 ‘4
297 2119 446 2174 quoad
474 2119 639 2170 vivam,
665 2119 846 2162 habebo
872 2134 962 2176 111-31
989 2133 1063 2162 me
1089 2118 1327 2175 feramque
1351 2118 1562 2176 gratiam.
1621 2116 1761 2159 Bian-

246 2198 268 2216 “
295 2193 458 2237 conius
483 2209 563 2251 pro
588 2194 846 2237 incredibili
880 2209 960 2237 sua
995 2194 1288 2237 humanitate
1313 2193 1570 2250 studioque,
1597 2207 1686 2249 quo
1712 2198 1760 2236 et

245 2275 270 2293 ‘⁶
295 2269 404 2312 olim
443 2270 501 2312 de
537 2284 612 2312 me
648 2270 841 2313 meritus
874 2276 944 2313 est
970 2275 1017 2312 et
1051 2268 1202 2312 adhuc·
1231 2274 1449 2318 meretur,
1477 2268 1653 2311 Abbati
1678 2267 1760 2312 Jo-

247 2350 271 2368 “
296 2345 439 2402 sepho
482 2344 730 2403 Spallettio
772 2344 819 2387 in
855 2345 1086 2388 mandatis
1123 2345 1253 2388 (ledit
1294 2350 1346 2387 ut
1383 2358 1441 2387 ex
1477 2343 1558 2386 illo
1601 2344 1759 2388 codice

244 2425 271 2443 ‘⁶
295 2421 652 2464 commentarios
677 2420 733 2463 ad
760 2420 955 2478 primam
977 2418 1322 2478 Olynthiacam,
1346 2419 1609 2477 speciminis
1634 2435 1758 2478 ergo,

246 2501 271 2519 “
294 2510 447 2539 meam
489 2496 535 2539 111
572 2496 770 2555 gratiam
807 2495 1103 2539 exscriberet.
1175 2494 1288 2538 Fuit
1324 2495 1370 2538 111
1407 2500 1639 2553 potestate
1674 2496 1758 2539 viri

246 2577 270 2594 ‘⁶
296 2571 571 2616 nobilissimi
598 2571 887 2629 Spallettius‚
914 2577 961 2614 et-
986 2571 1154 2614 certior
1188 2570 1276 2614 hoc
1312 2576 1448 2628 pacto
1485 2585 1571 2629 ego
1608 2571 1758 2615 factus

248 2652 272 2670 ‘⁶
296 2661 415 2701 sum,
441 2647 499 2691 de
536 2663 626 2705 quo
663 2648 740 2690 diu
779 2646 1113 2699 dubitaveram,
1140 2661 1275 2704 paene
1308 2645 1610 2690 dubitationis
1635 2646 1758 2690 illius

248 2726 275 2746 ‘⁶
297 2723 584 2767 anxietatem
604 2728 744 2779 atque
763 2722 975 2765 stimulos
999 2721 1123 2764 haud
1148 2721 1313 2773 ferens,
1336 2735 1614 2779 possumque
1634 2737 1756 2765 nunc

247 2804 271 2821 ‘⁶
295 2798 423 2849 alios,
449 2813 643 2855 qnorum
670 2798 715 2840 id
741 2799 948 2848 interest,
974 2797 1191 2841 certiores
1223 2798 1385 2848 facere,
1412 2811 1623 2859 meaeque
1648 2797 1755 2840 fidei
