1977 3209
677 128 711 166 P
728 127 765 166 R
781 127 842 166 ΞΕ
859 127 893 166 F
911 128 948 165 A
966 126 999 165 Τ
1019 126 1032 164 1
1054 126 1102 166 Ο.
1605 125 1647 163 xi

199 232 386 278 Scholia
409 234 628 277 orationis
651 232 886 290 Leptineae
913 232 1080 290 partim
1107 246 1166 274 ex
1187 230 1462 289 Hieronymi
1486 229 1646 273 Wolfii

132 311 300 368 partim
337 325 396 353 ex
433 310 525 354 suis
556 309 698 367 ipsius
734 309 1011 366 conjecturis
1051 308 1299 352 emendata
1333 307 1526 351 editioni
1552 322 1648 352 suae

131 385 300 443 adjecit
343 385 392 429 F.
427 383 491 428 A.
532 384 745 434 wolfius,
790 399 891 442 quae
931 383 1065 428 Halis
1109 383 1349 427 Saxonum
1397 381 1569 441 prodiit
1607 399 1648 427 a.

138 460 275 520 1789.
351 459 606 518 Aliquanto
643 459 912 518 diligentius
954 459 1128 503 scholia
1169 459 1389 503 orationis
1424 458 1648 502 Midianae

132 538 435 596 pertractavit
464 536 532 580 M.
552 536 615 580 H.
638 535 691 580 E.
721 535 944 588 Meierus,
970 537 1048 594 qui
1073 537 1192 580 hanc
1218 536 1474 580 orationem
1501 535 1648 579 edidit

130 615 304 659 ibidem
329 630 368 658 a.
400 614 541 673 1831.

197 690 385 734 Scholia
415 691 627 734 codicum
669 689 1027 734 Monacensium
1066 688 1128 732 A.
1165 695 1212 732 ct
1245 689 1313 740 B„
1349 704 1448 747 qua}
1483 703 1646 747 parum

130 766 378 825 diligenter
402 766 459 810 ab
488 766 680 810 Reiskio
707 766 764 821 (a.
794 768 949 826 1770.)
977 766 1102 810 edita
1127 780 1225 809 0550
1261 780 1396 823 supra
1422 765 1646 816 dicebam,

130 843 324 887 editioni
361 848 595 886 oratorum
634 840 899 885 Atticorum
937 841 1175 885 Turicensi
1202 842 1259 897 (a.
1294 840 1450 899 1845.)
1477 841 1649 898 adjecit

131 917 431 961 Hermannus
468 917 708 975 Sauppius‚
736 918 815 974 (1111
851 933 942 960 11011
979 917 1130 960 50111111
1164 922 1414 974 utrumque
1440 917 1648 960 codicem

129 994 281 1037 denuo
307 993 566 1037 accuratius
599 993 815 1043 excussit,
843 993 920 1035 sed
959 992 1100 1035 etiam
1143 992 1240 1049 ipse
1276 991 1323 1034 111
1359 992 1542 1035 scholiis
1577 992 1650 1036 his

129 1068 430 1111 emendandis
464 1073 647 1111 tantum
685 1068 899 1125 praestitit
941 1072 1166 1124 quantum
1206 1072 1423 1124 praestare
1466 1073 1648 1125 poterat

129 1143 208 1201 qui
235 1143 430 1187 aliorum
456 1143 669 1186 codicum
696 1142 871 1186 anxilio
897 1148 1086 1186 careret.

195 1217 361 1262 Restat
405 1223 456 1261 ut
490 1218 547 1260 de
589 1218 765 1276 origine
802 1223 850 1261 et
887 1218 1222 1275 compositione
1255 1218 1538 1262 scholiorum
1582 1218 1649 1261 di-

129 1300 272 1345 catur,
298 1309 493 1352 quorum
519 1308 690 1352 genera
716 1294 806 1336 duo
832 1293 966 1337 facile
991 1293 1187 1337 discerni
1219 1301 1425 1352 possunt.
1470 1292 1648 1338 Eorum

128 1369 326 1413 alterum
370 1369 612 1412 continuas
654 1369 983 1426 complectitur
1022 1369 1284 1412 orationum
1329 1371 1648 1428 expositiones

128 1444 393 1496 rhetoricas,
426 1444 585 1503 quales
623 1460 744 1488 nunc
788 1460 877 1488 non
922 1450 1168 1502 supersunt
1209 1445 1294 1489 nisi
1337 1445 1384 1488 in
1428 1444 1650 1504 Prolego-

127 1521 274 1564 menis
300 1520 491 1578 Ulpiani
517 1535 685 1564 nomen
711 1521 980 1579 gerentibus
1005 1521 1062 1564 ad
1089 1522 1318 1565 orationes
1345 1520 1647 1580 Olynthiacas

127 1603 176 1640 et
203 1595 487 1654 Philippicas
513 1598 951 1655 commentariisque
976 1598 1022 1640 in
1054 1599 1284 1642 orationes
1316 1613 1386 1640 10.
1421 1613 1432 1639 1
1454 1612 1489 1640 1.
1523 1613 1647 1657 13—

135 1686 205 1732 17.
232 1673 280 1727 (i.
302 1688 340 1716 e.
368 1671 677 1731 Philippicam
704 1679 932 1730 quartam,
953 1672 1029 1716 Ad
1059 1672 1261 1731 Philippi
1288 1672 1547 1730 epistolam,
1571 1672 1644 1716 De

126 1748 365 1807 republica
390 1749 654 1799 ordinanda,
683 1748 757 1792 De
782 1749 1053 1806 symmoriis,
1080 1748 1154 1792 De
1181 1748 1469 1792 Rhodiorum
1509 1748 1645 1792 liber-

127 1830 238 1875 tate,
265 1823 357 1867 Pro
386 1823 750 1882 Megalopolitis,
778 1823 850 1866 De
886 1824 1058 1868 foedere
1092 1823 1439 1877 Alexandreo):
1477 1823 1643 1881 quibus

127 1904 257 1942 tanta
280 1899 527 1942 intercedit
553 1914 658 1942 cuni
687 1898 1036 1958 Prolegomenis
1062 1898 1151 1942 illis
1187 1899 1444 1943 similitudo
1470 1904 1523 1942 ut
1547 1899 1643 1942 haec

125 1975 183 2019 ab
225 1975 391 2018 eodem
433 1975 588 2018 omnia
625 1980 814 2018 auctore
854 1975 1024 2032 scripta
1059 1975 1205 2018 videri
1242 1975 1433 2032 possint,
1468 1975 1563 2018 sive
1607 1975 1644 2017 is

127 2050 317 2109 Ulpiani
356 2065 527 2094 nomen
561 2051 705 2109 gessit
741 2051 837 2094 sive
873 2050 1012 2102 aliud,
1038 2051 1320 2109 fueruntque
1353 2051 1475 2094 haud
1505 2051 1644 2094 dubie

126 2126 224 2170 aliae
250 2141 435 2184 quoque
460 2126 691 2170 orationes
723 2126 986 2184 hujusmodi
1015 2127 1360 2171 commentariis
1385 2126 1643 2178 illustratae,

126 2217 323 2261 quorum
349 2208 570 2261 excerpta
594 2217 718 2246 nunc
743 2203 797 2246 ad
825 2203 1030 2262 singulos
1049 2203 1358 2262 complurium
1384 2204 1644 2247 orationum

126 2277 251 2321 locos
276 2277 422 2321 relata
446 2279 568 2321 iuter
591 2278 766 2322 scholia
798 2278 890 2337 legi
919 2279 1148 2323 videntur.
1220 2279 1450 2338 Ulpianus
1486 2285 1643 2323 autem

125 2354 204 2398 ille
246 2356 347 2413 quis
385 2356 525 2399 fuerit
562 2356 778 2400 nescitur.
852 2355 973 2399 Eum
1002 2355 1220 2400 Valesius
1256 2355 1330 2411 (ad
1368 2357 1644 2415 Harpocrat.

125 2446 169 2489 p.
198 2438 294 2490 92.)
322 2437 369 2474 et
395 2430 629 2476 Kusterus
657 2432 733 2490 (ad
760 2432 950 2476 Suidam
978 2447 1010 2476 s.
1032 2447 1073 2476 V.
1100 2430 1348 2480 Οὐλπιανὸς
1369 2432 1644 2492 Ἀντιοχεύς)

127 2507 362 2550 rhetorem
405 2507 545 2551 fuisse
591 2505 943 2552 Antiochenum
992 2510 1291 2568 conjecerunt
1329 2509 1387 2552 ab
1432 2507 1646 2566 Eunapio

126 2583 321 2640 aliisque
346 2589 670 2635 memoratum,
691 2585 768 2642 qui
789 2584 944 2628 seculo
965 2585 1105 2629 tertio
1127 2591 1332 2629 exeunte
1356 2601 1454 2629 acrae
1479 2590 1645 2628 nostrae

129 2659 260 2701 vixit.
332 2656 419 2702 Cui
447 2659 648 2718 opinioni
677 2660 831 2704 obstat
855 2661 978 2718 quod
1013 2661 1059 2704 in
1092 2659 1441 2720 prolegomenis
1465 2661 1522 2704 ad
1549 2675 1647 2703 ora-

129 2733 280 2778 tiones
304 2733 606 2792 Olynthiacas
631 2741 679 2779 et
699 2735 973 2793 quibusdam
1000 2736 1045 2779 in
1072 2735 1183 2781 locis
1209 2736 1488 2781 scholiorum
1515 2735 1645 2779 Zeno

130 2809 288 2853 rhetor
313 2817 607 2863 memoratur,
634 2826 773 2869 quem
800 2812 955 2856 seculo
980 2818 1145 2870 quarto
1178 2812 1274 2856 fere
1297 2812 1453 2855 medio
1479 2812 1646 2855 vixisse
