1977 3209
274 114 328 153 xii
791 120 823 158 P
844 119 881 158 R
895 120 947 158 :E
968 120 1001 158 F
1020 122 1056 158 A
1077 122 1115 159 Τ
1136 121 1152 159 I
1173 122 1222 159 O.

272 221 389 265 infra
414 224 695 267 ostendetur.
767 223 872 276 Quo
908 231 1184 283 argumento
1221 224 1317 268 solo
1355 229 1514 267 contra
1541 223 1782 268 Valesium

273 297 342 340 uti
383 298 581 342 debebat
624 298 952 356 Chapinannus
985 300 1030 342 in
1067 299 1463 343 commentatione
1495 299 1553 342 de
1580 298 1784 357 Ulpiano

277 369 316 432 ᾗ.
343 386 402 429 4.,
429 374 594 418 ceteris
619 389 726 417 vero
763 389 862 431 qum
897 374 1060 417 attulit
1088 374 1332 417 abstinere.
1405 372 1529 416 Nam
1569 374 1711 416 etiam
1748 374 1783 417 si

273 448 444 492 scholia
479 464 570 493 non
606 449 663 493 ab
690 449 893 507 Ulpiano
917 449 1232 501 Antiocheno,
1269 449 1348 492 sed
1388 448 1445 492 ab
1484 448 1668 491 rhetore
1704 447 1786 491 ali-

272 530 445 581 quanto
487 525 742 568 recentiore
775 525 945 582 scripta
982 525 1087 577 sint,
1124 524 1238 567 illud
1279 531 1435 567 tamen
1474 523 1784 567 certissimum

271 604 357 651 est,
373 614 431 642 ne
455 598 562 642 huic
582 599 771 656 quidem
796 600 1069 657 imputanda
1094 615 1191 644 esse
1211 615 1312 657 quae
1337 600 1383 642 in
1404 599 1588 643 scholiis
1614 599 1782 657 passim

271 675 564 732 reperiuntur
599 675 740 718 citata
779 690 836 719 ex
875 675 1098 733 Gregorio
1136 674 1435 718 Nazianzeno
1461 680 1508 717 et
1535 690 1636 732 quac
1673 681 1782 718 sunt

270 749 360 793 alia
383 755 604 793 annotata
639 750 696 792 ab
727 750 1042 807 antiquiorum
1067 749 1418 793 scholia-starum
1445 750 1783 793 consuetudine

269 825 430 876 aliena,
471 841 574 883 quae
613 824 831 869 Valesius
872 825 1106 868 verissime
1140 825 1370 882 judicavit
1412 825 1470 868 ab
1514 825 1784 868 inferiorum

269 907 532 959 temporum
557 901 870 959 grammaticis
896 915 994 944 esse
1018 900 1212 959 adjecta.
1285 899 1423 952 Quod
1461 900 1678 957 frequens
1715 907 1784 944 est

268 977 316 1021 in
357 977 625 1035 quorumvis
658 976 933 1034 scriptorum
980 975 1164 1019 scholiis
1206 975 1576 1033 interpolationis
1622 990 1783 1034 genus,

269 1068 361 1111 quo
403 1068 494 1096 non
534 1052 682 1096 solum
722 1052 890 1095 infimae
927 1053 1074 1096 aetatis
1117 1052 1312 1103 codices,
1357 1051 1436 1095 sed
1475 1052 1615 1094 etiam
1664 1051 1782 1094 anti-

269 1129 450 1186 quiores
492 1129 609 1180 libri,
643 1135 695 1172 ut
735 1128 980 1172 Ravennas
1021 1128 1329 1185 Venetusque
1364 1127 1691 1185 Aristophanis
1734 1134 1782 1171 et

270 1202 464 1246 Parisini
491 1202 602 1246 ΒΥ.
631 1202 977 1256 Demosthenis,
1003 1202 1091 1246 etsi
1127 1203 1283 1253 rarius,
1311 1201 1464 1245 affecti
1489 1209 1610 1245 sunt.
1674 1201 1784 1246 Alia

270 1278 455 1323 Dobraei
482 1279 713 1323 sententia
737 1284 807 1322 est
833 1279 899 1336 (in
924 1276 1152 1321 Auctario
1178 1277 1234 1320 ad
1258 1277 1449 1320 Porsoni
1476 1276 1783 1322 Miscellanca

268 1372 312 1415 p.
340 1355 483 1415 387),
510 1356 587 1413 qui
614 1369 756 1412 quum
782 1354 953 1398 codicis
978 1353 1173 1397 Parisini
1200 1351 1274 1403 Y„
1301 1354 1357 1396 de
1382 1368 1474 1411 quo
1500 1368 1636 1411 supra
1661 1354 1782 1398 dice-

268 1432 387 1482 bam,
405 1432 523 1489 parti
543 1431 680 1489 priori
705 1431 1027 1488 praescriptum
1049 1429 1226 1472 videret
1247 1427 1445 1480 Ζωσίμου
1463 1427 1782 1473 Ἀσκαλωνίτου

267 1508 321 1554 εἷς
347 1506 636 1558 Δημοσθένην,
657 1506 714 1549 ab
741 1505 944 1564 Ulpiano
969 1504 1065 1548 sola.
1088 1505 1134 1547 in
1160 1504 1388 1548 orationes
1409 1502 1707 1563 Olynthiacas
1732 1512 1781 1549 et

270 1583 551 1642 Philippicas
593 1582 934 1642 Prolegomena
979 1581 1160 1639 scripta,
1200 1580 1480 1624 scholiorum
1523 1596 1631 1624 vero
1678 1596 1780 1639 quae

270 1659 407 1718 vulgo
456 1659 658 1717 Ulpiano
707 1659 939 1702 tribuatur
986 1657 1309 1700 collectionem
1362 1671 1453 1699 non
1501 1656 1651 1714 hujus,
1699 1658 1779 1701 sed

266 1735 439 1779 Zosimi
478 1750 576 1779 esse
616 1735 827 1793 conjecit,
854 1748 994 1792 quem
1030 1733 1266 1776 Anastasii
1303 1733 1592 1790 imperatoris
1628 1740 1779 1784 astate,

264 1812 293 1856 i.
328 1826 365 1855 e.
407 1811 561 1855 seculo
610 1817 773 1868 quarto
814 1810 981 1860 medio,
1025 1809 1192 1852 vixisse
1240 1809 1690 1866 commentariosque
1733 1809 1779 1851 in

267 1886 451 1945 Lysiam
491 1893 537 1929 et
572 1885 939 1929 Demosthenem
977 1884 1209 1942 scripsisse
1244 1883 1301 1927 ab
1346 1883 1489 1927 Suida
1527 1890 1574 1927 et
1609 1885 1779 1942 partim

265 1963 405 2007 etiam
432 1963 488 2006 ab
513 1962 543 2006 J
548 1977 694 2006 oanne
719 1961 889 2005 Tzetza
913 1961 1137 2005 traditum
1164 1966 1249 2012 est,
1276 1975 1473 2018 quorum
1502 1960 1626 2004 locos
1662 1961 1781 2005 infra

265 2053 562 2097 apponemus.
601 2036 817 2081 Eundem
843 2036 1041 2081 similem
1068 2051 1253 2094 operam
1279 2036 1559 2094 impendisse
1586 2035 1779 2081 Isocrati

265 2129 323 2157 ex
343 2114 457 2157 Vita
477 2113 808 2157 Demosthenis
833 2113 1080 2171 colligitur,
1098 2113 1169 2155 cui
1198 2110 1374 2171 δευτέρῳ
1399 2118 1503 2170 post
1523 2111 1777 2156 Isocratem

264 2190 461 2243 ἐπιβῆναι
488 2203 535 2232 se
560 2189 625 2231 ait
650 2187 878 2239 Zosimus,
904 2193 952 2231 et
978 2202 1035 2230 ex
1062 2187 1283 2244 ejusdem,
1310 2193 1363 2230 ut
1387 2188 1586 2240 videtur,
1604 2188 1777 2232 scholio

264 2266 320 2309 ad
349 2263 718 2308 Demosthenem
754 2278 796 2320 p.
828 2278 868 2322 9,
897 2277 933 2305 1.
960 2262 1038 2305 ubi
1077 2262 1132 2304 de
1172 2276 1255 2304 usu
1295 2262 1496 2319 quodam
1530 2263 1777 2307 verborum

264 2337 445 2401 νομίζειν
471 2348 518 2383 et
554 2337 687 2381 δοκεῖν
723 2338 886 2396 agitur,
921 2337 977 2379 de
1015 2352 1104 2394 quo
1132 2338 1231 2394 jan]
1265 2337 1304 2380 ἐν
1342 2343 1434 2384 τοῖς
1465 2336 1777 2398 Ἰσοκρατικοῖς

265 2417 441 2460 dictum
467 2416 550 2459 sit:
589 2429 694 2457 nam
721 2415 783 2458 sic
813 2414 870 2457 ab
895 2414 1093 2457 Dobraco
1130 2420 1255 2457 recte
1292 2421 1550 2458 correctum
1588 2422 1658 2459 est
1693 2431 1775 2474 pro

263 2497 552 2553 συγκριτικοῖς
600 2490 671 2533 vel
720 2496 1012 2550 σωκρατικοῖς,
1061 2505 1161 2548 quae
1223 2490 1443 2534 libroruin
1493 2491 1604 2534 vitia
1651 2498 1772 2535 sunt.

264 2569 408 2612 Porro
445 2583 544 2626 quae
581 2568 629 2610 in
666 2566 838 2610 scholio
874 2567 931 2610 ad
967 2581 1010 2624 p.
1042 2580 1151 2626 742,
1181 2582 1254 2626 23.
1292 2568 1350 2611 de
1383 2566 1650 2612 Callistrato
1684 2575 1774 2612 tra-

263 2645 449 2695 duntur,
497 2644 626 2701 cujus
673 2642 889 2700 exemplo
943 2642 1286 2687 Demosthenes
1342 2644 1399 2687 ad
1458 2643 1772 2702 eloquentiam

264 2720 566 2763 exercendam
615 2719 834 2762 incitatus
893 2719 964 2770 sit,
1016 2720 1114 2777 jam
1173 2720 1219 2763 in
1268 2718 1385 2764 Vita
1444 2720 1773 2766 Demosthenis

262 2795 473 2853 exposita
497 2810 594 2839 esse
621 2795 837 2838 dicuntur
863 2795 932 2849 (ὡς
956 2796 1172 2854 εἰρήκαμεν
1197 2796 1237 2838 ἐν
1260 2797 1321 2851 τῷ
1347 2796 1428 2852 βίῳ
1453 2796 1621 2853 αὑτοῦ),
1648 2796 1770 2854 quod
