<?xml version="1.0" encoding="UTF-8"?>
<!DOCTYPE html PUBLIC "-//W3C//DTD XHTML 1.0 Transitional//EN"
    "http://www.w3.org/TR/xhtml1/DTD/xhtml1-transitional.dtd">
<html xmlns="http://www.w3.org/1999/xhtml" xml:lang="en" lang="en">
 <head>
  <title>
</title>
<meta http-equiv="Content-Type" content="text/html;charset=utf-8" />
  <meta name='ocr-system' content='tesseract 3.04.00' />
  <meta name='ocr-capabilities' content='ocr_page ocr_carea ocr_par ocr_line ocrx_word'/>
</head>
<body>
  <div class='ocr_page' id='page_1' title='image "./operaexrecension08demouoft_0042.png"; bbox 0 0 1977 3209; ppageno 0'>
   <div class='ocr_carea' id='block_1_1' title="bbox 305 113 1471 154">
    <p class='ocr_par' dir='ltr' id='par_1_1' title="bbox 305 113 1471 154">
     <span class='ocr_line' id='line_1_1' title="bbox 305 113 1471 154; baseline 0 0"><span class='ocrx_word' id='word_1_1' title='bbox 305 114 460 154; x_wconf 85' lang='lat' dir='ltr'>xxxviii</span> <span class='ocrx_word' id='word_1_2' title='bbox 614 113 988 154; x_wconf 79' lang='lat' dir='ltr'><strong>GHAPMANNI</strong></span> <span class='ocrx_word' id='word_1_3' title='bbox 1020 113 1471 154; x_wconf 79' lang='lat' dir='ltr'><strong>OOMMENTATIO</strong></span> 
     </span>
    </p>
   </div>
   <div class='ocr_carea' id='block_1_2' title="bbox 247 215 1826 2854">
    <p class='ocr_par' dir='ltr' id='par_1_2' title="bbox 306 215 1824 869">
     <span class='ocr_line' id='line_1_2' title="bbox 307 215 1818 272; baseline -0.003 -13"><span class='ocrx_word' id='word_1_4' title='bbox 307 220 545 270; x_wconf 84' lang='grc' dir='ltr'>ἆγορονόμος</span> <span class='ocrx_word' id='word_1_5' title='bbox 574 219 796 272; x_wconf 88' lang='lat' dir='ltr'>legendum</span> <span class='ocrx_word' id='word_1_6' title='bbox 827 222 891 258; x_wconf 88' lang='lat' dir='ltr'>est</span> <span class='ocrx_word' id='word_1_7' title='bbox 923 218 1174 269; x_wconf 84' lang='grc' dir='ltr'>ἀστυνόμος.)</span> <span class='ocrx_word' id='word_1_8' title='bbox 1237 218 1371 257; x_wconf 80' lang='lat' dir='ltr'>Gloss.</span> <span class='ocrx_word' id='word_1_9' title='bbox 1395 217 1530 257; x_wconf 84' lang='lat' dir='ltr'>Graec.</span> <span class='ocrx_word' id='word_1_10' title='bbox 1560 216 1655 256; x_wconf 89' lang='lat' dir='ltr'>Lat.</span> <span class='ocrx_word' id='word_1_11' title='bbox 1676 215 1818 255; x_wconf 86' lang='grc' dir='ltr'>Ἀστυ-</span> 
     </span>
     <span class='ocr_line' id='line_1_3' title="bbox 308 283 1820 337; baseline -0.001 -13"><span class='ocrx_word' id='word_1_12' title='bbox 308 287 433 335; x_wconf 76' lang='grc' dir='ltr'>νομία,</span> <span class='ocrx_word' id='word_1_13' title='bbox 475 286 674 325; x_wconf 75' lang='lat' dir='ltr'>oeclilcztus.</span> <span class='ocrx_word' id='word_1_14' title='bbox 750 284 1005 333; x_wconf 78' lang='grc' dir='ltr'>Ἀστυνόμος,</span> <span class='ocrx_word' id='word_1_15' title='bbox 1035 285 1216 335; x_wconf 75' lang='lat' dir='ltr'>jecorus,</span> <span class='ocrx_word' id='word_1_16' title='bbox 1260 284 1371 337; x_wconf 91' lang='lat' dir='ltr'>quod</span> <span class='ocrx_word' id='word_1_17' title='bbox 1417 283 1515 336; x_wconf 90' lang='lat' dir='ltr'>quid</span> <span class='ocrx_word' id='word_1_18' title='bbox 1562 283 1672 331; x_wconf 78' lang='lat' dir='ltr'>velit⁷</span> <span class='ocrx_word' id='word_1_19' title='bbox 1720 296 1820 322; x_wconf 87' lang='lat' dir='ltr'>sane</span> 
     </span>
     <span class='ocr_line' id='line_1_4' title="bbox 306 349 1819 404; baseline -0.002 -14"><span class='ocrx_word' id='word_1_20' title='bbox 306 351 457 391; x_wconf 89' lang='lat' dir='ltr'>nescio.</span> <span class='ocrx_word' id='word_1_21' title='bbox 523 351 566 392; x_wconf 85' lang='lat' dir='ltr'>Si</span> <span class='ocrx_word' id='word_1_22' title='bbox 600 351 775 391; x_wconf 85' lang='lat' dir='ltr'>divinari</span> <span class='ocrx_word' id='word_1_23' title='bbox 806 350 944 398; x_wconf 75' lang='lat' dir='ltr'>liceat,</span> <span class='ocrx_word' id='word_1_24' title='bbox 967 351 1156 389; x_wconf 71' lang='lat' dir='ltr'>viocurus</span> <span class='ocrx_word' id='word_1_25' title='bbox 1176 351 1368 404; x_wconf 89' lang='lat' dir='ltr'>legerem.</span> <span class='ocrx_word' id='word_1_26' title='bbox 1428 349 1537 390; x_wconf 92' lang='lat' dir='ltr'>Erat</span> <span class='ocrx_word' id='word_1_27' title='bbox 1566 349 1677 389; x_wconf 90' lang='lat' dir='ltr'>enim</span> <span class='ocrx_word' id='word_1_28' title='bbox 1707 349 1819 402; x_wconf 89' lang='lat' dir='ltr'>apud</span> 
     </span>
     <span class='ocr_line' id='line_1_5' title="bbox 308 415 1822 469; baseline -0.002 -13"><span class='ocrx_word' id='word_1_29' title='bbox 308 417 520 458; x_wconf 86' lang='lat' dir='ltr'>Romanos</span> <span class='ocrx_word' id='word_1_30' title='bbox 540 417 701 457; x_wconf 79' lang='lat' dir='ltr'>viarum</span> <span class='ocrx_word' id='word_1_31' title='bbox 728 421 909 465; x_wconf 74' lang='lat' dir='ltr'>curator,</span> <span class='ocrx_word' id='word_1_32' title='bbox 932 417 1049 469; x_wconf 89' lang='lat' dir='ltr'>cujus</span> <span class='ocrx_word' id='word_1_33' title='bbox 1080 416 1215 456; x_wconf 86' lang='lat' dir='ltr'>officio</span> <span class='ocrx_word' id='word_1_34' title='bbox 1245 417 1527 469; x_wconf 87' lang='lat' dir='ltr'>respondebat</span> <span class='ocrx_word' id='word_1_35' title='bbox 1556 415 1822 469; x_wconf 85' lang='lat' dir='ltr'>aliquatenus</span> 
     </span>
     <span class='ocr_line' id='line_1_6' title="bbox 306 481 1818 535; baseline -0.002 -12"><span class='ocrx_word' id='word_1_36' title='bbox 306 485 329 534; x_wconf 89' lang='grc' dir='ltr'>ἡ</span> <span class='ocrx_word' id='word_1_37' title='bbox 358 485 572 533; x_wconf 84' lang='grc' dir='ltr'>ἀστυνομία</span> <span class='ocrx_word' id='word_1_38' title='bbox 593 483 751 531; x_wconf 75' lang='lat' dir='ltr'>Attica,</span> <span class='ocrx_word' id='word_1_39' title='bbox 776 483 913 522; x_wconf 90' lang='lat' dir='ltr'>dictus</span> <span class='ocrx_word' id='word_1_40' title='bbox 944 482 1071 523; x_wconf 83' lang='lat' dir='ltr'>etiam</span> <span class='ocrx_word' id='word_1_41' title='bbox 1090 484 1291 522; x_wconf 65' lang='lat' dir='ltr'>mem-us.</span> <span class='ocrx_word' id='word_1_42' title='bbox 1352 482 1492 522; x_wconf 77' lang='lat' dir='ltr'>Varro</span> <span class='ocrx_word' id='word_1_43' title='bbox 1523 483 1574 521; x_wconf 89' lang='lat' dir='ltr'>de</span> <span class='ocrx_word' id='word_1_44' title='bbox 1603 481 1699 535; x_wconf 86' lang='lat' dir='ltr'>ling.</span> <span class='ocrx_word' id='word_1_45' title='bbox 1723 481 1818 521; x_wconf 89' lang='lat' dir='ltr'>Lat.</span> 
     </span>
     <span class='ocr_line' id='line_1_7' title="bbox 306 547 1823 601; baseline -0.001 -12"><span class='ocrx_word' id='word_1_46' title='bbox 306 550 374 590; x_wconf 89' lang='lat' dir='ltr'>lib.</span> <span class='ocrx_word' id='word_1_47' title='bbox 397 563 437 601; x_wconf 84' lang='lat'>4.</span> <span class='ocrx_word' id='word_1_48' title='bbox 493 551 592 595; x_wconf 71' lang='lat' dir='ltr'>Quis</span> <span class='ocrx_word' id='word_1_49' title='bbox 623 551 728 589; x_wconf 73' lang='lat' dir='ltr'>enim</span> <span class='ocrx_word' id='word_1_50' title='bbox 759 563 837 588; x_wconf 74' lang='lat' dir='ltr'>non</span> <span class='ocrx_word' id='word_1_51' title='bbox 867 550 990 599; x_wconf 76' lang='lat' dir='ltr'>videt,</span> <span class='ocrx_word' id='word_1_52' title='bbox 1019 550 1125 588; x_wconf 79' lang='lat' dir='ltr'>uncle</span> <span class='ocrx_word' id='word_1_53' title='bbox 1155 549 1369 601; x_wconf 74' lang='lat' dir='ltr'>arifodinoe</span> <span class='ocrx_word' id='word_1_54' title='bbox 1404 554 1443 589; x_wconf 83' lang='lat' dir='ltr'>et</span> <span class='ocrx_word' id='word_1_55' title='bbox 1474 549 1719 588; x_wconf 74' lang='lat' dir='ltr'>vioczcrrus?</span> <span class='ocrx_word' id='word_1_56' title='bbox 1752 547 1823 587; x_wconf 83' lang='lat' dir='ltr'>Ita</span> 
     </span>
     <span class='ocr_line' id='line_1_8' title="bbox 308 614 1823 669; baseline -0.001 -14"><span class='ocrx_word' id='word_1_57' title='bbox 308 616 475 669; x_wconf 86' lang='lat' dir='ltr'>quidem</span> <span class='ocrx_word' id='word_1_58' title='bbox 514 616 557 655; x_wconf 92' lang='lat' dir='ltr'>in</span> <span class='ocrx_word' id='word_1_59' title='bbox 597 616 697 656; x_wconf 87' lang='lat' dir='ltr'>edit.</span> <span class='ocrx_word' id='word_1_60' title='bbox 721 617 875 655; x_wconf 84' lang='lat' dir='ltr'>Verum</span> <span class='ocrx_word' id='word_1_61' title='bbox 914 615 1139 669; x_wconf 66' lang='lat' dir='ltr'>Dionysius</span> <span class='ocrx_word' id='word_1_62' title='bbox 1181 615 1465 655; x_wconf 80' lang='lat' dir='ltr'>Gothofredus</span> <span class='ocrx_word' id='word_1_63' title='bbox 1504 620 1618 655; x_wconf 89' lang='lat' dir='ltr'>recte</span> <span class='ocrx_word' id='word_1_64' title='bbox 1658 614 1823 654; x_wconf 90' lang='lat' dir='ltr'>monuit</span> 
     </span>
     <span class='ocr_line' id='line_1_9' title="bbox 306 680 1822 737; baseline -0.002 -15"><span class='ocrx_word' id='word_1_65' title='bbox 306 683 529 737; x_wconf 84' lang='lat' dir='ltr'>legendum</span> <span class='ocrx_word' id='word_1_66' title='bbox 569 697 657 722; x_wconf 89' lang='lat' dir='ltr'>esse</span> <span class='ocrx_word' id='word_1_67' title='bbox 697 684 898 722; x_wconf 70' lang='lat' dir='ltr'>viocmus.</span> <span class='ocrx_word' id='word_1_68' title='bbox 960 683 1018 722; x_wconf 90' lang='lat' dir='ltr'>Et</span> <span class='ocrx_word' id='word_1_69' title='bbox 1054 682 1267 736; x_wconf 75' lang='lat' dir='ltr'>-Josephus</span> <span class='ocrx_word' id='word_1_70' title='bbox 1309 681 1499 735; x_wconf 73' lang='lat' dir='ltr'>Scaliger</span> <span class='ocrx_word' id='word_1_71' title='bbox 1539 680 1727 734; x_wconf 79' lang='lat' dir='ltr'>quamvis</span> <span class='ocrx_word' id='word_1_72' title='bbox 1766 680 1822 720; x_wconf 87' lang='lat' dir='ltr'>ad</span> 
     </span>
     <span class='ocr_line' id='line_1_10' title="bbox 307 747 1822 801; baseline 0 -13"><span class='ocrx_word' id='word_1_73' title='bbox 307 749 441 788; x_wconf 88' lang='lat' dir='ltr'>locum</span> <span class='ocrx_word' id='word_1_74' title='bbox 470 749 585 788; x_wconf 89' lang='lat' dir='ltr'>illum</span> <span class='ocrx_word' id='word_1_75' title='bbox 607 748 813 788; x_wconf 76' lang='lat' dir='ltr'>Varronis</span> <span class='ocrx_word' id='word_1_76' title='bbox 845 748 947 788; x_wconf 89' lang='lat' dir='ltr'>nihil</span> <span class='ocrx_word' id='word_1_77' title='bbox 979 749 1167 796; x_wconf 76' lang='lat' dir='ltr'>adnotet,</span> <span class='ocrx_word' id='word_1_78' title='bbox 1190 752 1339 801; x_wconf 87' lang='lat' dir='ltr'>postea</span> <span class='ocrx_word' id='word_1_79' title='bbox 1368 752 1510 787; x_wconf 89' lang='lat' dir='ltr'>tamen</span> <span class='ocrx_word' id='word_1_80' title='bbox 1541 747 1583 786; x_wconf 89' lang='lat' dir='ltr'>in</span> <span class='ocrx_word' id='word_1_81' title='bbox 1614 747 1822 801; x_wconf 82' lang='lat' dir='ltr'>conjecta-</span> 
     </span>
     <span class='ocr_line' id='line_1_11' title="bbox 308 813 1824 869; baseline -0.001 -15"><span class='ocrx_word' id='word_1_82' title='bbox 308 815 396 855; x_wconf 90' lang='lat' dir='ltr'>neis</span> <span class='ocrx_word' id='word_1_83' title='bbox 437 815 520 854; x_wconf 89' lang='lat' dir='ltr'>suis</span> <span class='ocrx_word' id='word_1_84' title='bbox 560 830 656 869; x_wconf 87' lang='lat' dir='ltr'>pag.</span> <span class='ocrx_word' id='word_1_85' title='bbox 695 817 762 864; x_wconf 83' lang='lat'>64.</span> <span class='ocrx_word' id='word_1_86' title='bbox 800 815 990 855; x_wconf 89' lang='lat' dir='ltr'>viocuros</span> <span class='ocrx_word' id='word_1_87' title='bbox 1031 829 1106 867; x_wconf 89' lang='lat' dir='ltr'>per</span> <span class='ocrx_word' id='word_1_88' title='bbox 1145 814 1285 853; x_wconf 71' lang='lat' dir='ltr'>aediles</span> <span class='ocrx_word' id='word_1_89' title='bbox 1324 813 1644 866; x_wconf 84' lang='lat' dir='ltr'>interpretatur.</span> <span class='ocrx_word' id='word_1_90' title='bbox 1725 813 1824 854; x_wconf 87' lang='lat' dir='ltr'>Alia</span> 
     </span>
    </p>

    <p class='ocr_par' dir='ltr' id='par_1_3' title="bbox 247 879 1826 2394">
     <span class='ocr_line' id='line_1_12' title="bbox 247 879 1823 935; baseline -0.002 -12"><span class='ocrx_word' id='word_1_91' title='bbox 247 900 288 923; x_wconf 87' lang='lat'>21</span> <span class='ocrx_word' id='word_1_92' title='bbox 309 882 501 935; x_wconf 69' lang='lat' dir='ltr'>quaedam</span> <span class='ocrx_word' id='word_1_93' title='bbox 529 882 580 922; x_wconf 90' lang='lat' dir='ltr'>de</span> <span class='ocrx_word' id='word_1_94' title='bbox 611 882 690 921; x_wconf 91' lang='lat' dir='ltr'>illis</span> <span class='ocrx_word' id='word_1_95' title='bbox 720 882 853 922; x_wconf 85' lang='lat' dir='ltr'>tradit</span> <span class='ocrx_word' id='word_1_96' title='bbox 876 882 1047 922; x_wconf 85' lang='lat' dir='ltr'>Isaacus</span> <span class='ocrx_word' id='word_1_97' title='bbox 1069 881 1341 921; x_wconf 81' lang='lat' dir='ltr'>Casaubonus</span> <span class='ocrx_word' id='word_1_98' title='bbox 1371 880 1414 919; x_wconf 90' lang='lat' dir='ltr'>in</span> <span class='ocrx_word' id='word_1_99' title='bbox 1444 879 1557 920; x_wconf 89' lang='lat' dir='ltr'>notis</span> <span class='ocrx_word' id='word_1_100' title='bbox 1581 880 1636 920; x_wconf 85' lang='lat' dir='ltr'>ad</span> <span class='ocrx_word' id='word_1_101' title='bbox 1656 880 1823 920; x_wconf 89' lang='lat' dir='ltr'>AElium</span> 
     </span>
     <span class='ocr_line' id='line_1_13' title="bbox 310 946 1820 1001; baseline -0.001 -13"><span class='ocrx_word' id='word_1_102' title='bbox 310 947 581 1001; x_wconf 85' lang='lat' dir='ltr'>Spartianum</span> <span class='ocrx_word' id='word_1_103' title='bbox 602 963 643 1001; x_wconf 87' lang='lat' dir='ltr'>p.</span> <span class='ocrx_word' id='word_1_104' title='bbox 671 962 761 997; x_wconf 81' lang='lat'>110,</span> <span class='ocrx_word' id='word_1_105' title='bbox 784 962 935 988; x_wconf 88' lang='lat' dir='ltr'>nomen</span> <span class='ocrx_word' id='word_1_106' title='bbox 965 962 1062 988; x_wconf 71' lang='lat' dir='ltr'>vero</span> <span class='ocrx_word' id='word_1_107' title='bbox 1092 947 1280 987; x_wconf 77' lang='lat' dir='ltr'>retinuit.</span> <span class='ocrx_word' id='word_1_108' title='bbox 1341 946 1545 1000; x_wconf 80' lang='lat' dir='ltr'>Adeoque</span> <span class='ocrx_word' id='word_1_109' title='bbox 1572 961 1705 999; x_wconf 91' lang='lat' dir='ltr'>neque</span> <span class='ocrx_word' id='word_1_110' title='bbox 1736 946 1820 986; x_wconf 83' lang='lat' dir='ltr'>vio-</span> 
     </span>
     <span class='ocr_line' id='line_1_14' title="bbox 308 1013 1823 1068; baseline -0.001 -15"><span class='ocrx_word' id='word_1_111' title='bbox 308 1014 423 1054; x_wconf 88' lang='lat' dir='ltr'>lenta</span> <span class='ocrx_word' id='word_1_112' title='bbox 458 1029 591 1068; x_wconf 89' lang='lat' dir='ltr'>neque</span> <span class='ocrx_word' id='word_1_113' title='bbox 628 1029 725 1055; x_wconf 84' lang='lat' dir='ltr'>vero</span> <span class='ocrx_word' id='word_1_114' title='bbox 761 1014 962 1055; x_wconf 88' lang='lat' dir='ltr'>absimilis</span> <span class='ocrx_word' id='word_1_115' title='bbox 997 1013 1125 1054; x_wconf 87' lang='lat' dir='ltr'>fuerit</span> <span class='ocrx_word' id='word_1_116' title='bbox 1161 1013 1399 1053; x_wconf 78' lang='lat' dir='ltr'>emendatio</span> <span class='ocrx_word' id='word_1_117' title='bbox 1435 1013 1518 1053; x_wconf 85' lang='lat' dir='ltr'>ista</span> <span class='ocrx_word' id='word_1_118' title='bbox 1553 1017 1711 1061; x_wconf 76' lang='lat' dir='ltr'>nostra,</span> <span class='ocrx_word' id='word_1_119' title='bbox 1745 1027 1823 1066; x_wconf 89' lang='lat' dir='ltr'>pro</span> 
     </span>
     <span class='ocr_line' id='line_1_15' title="bbox 296 1078 1823 1133; baseline -0.001 -14"><span class='ocrx_word' id='word_1_120' title='bbox 296 1080 441 1131; x_wconf 77' lang='lat' dir='ltr'>jecoro</span> <span class='ocrx_word' id='word_1_121' title='bbox 480 1079 684 1120; x_wconf 73' lang='lat' dir='ltr'>viocurus.</span> <span class='ocrx_word' id='word_1_122' title='bbox 775 1078 861 1133; x_wconf 59' lang='lat'>31³0.</span> <span class='ocrx_word' id='word_1_123' title='bbox 895 1081 1147 1120; x_wconf 76' lang='lat' dir='ltr'>Persuasum</span> <span class='ocrx_word' id='word_1_124' title='bbox 1193 1094 1323 1133; x_wconf 87' lang='lat' dir='ltr'>prope</span> <span class='ocrx_word' id='word_1_125' title='bbox 1368 1094 1434 1119; x_wconf 92' lang='lat' dir='ltr'>me</span> <span class='ocrx_word' id='word_1_126' title='bbox 1473 1080 1609 1119; x_wconf 90' lang='lat' dir='ltr'>habeo</span> <span class='ocrx_word' id='word_1_127' title='bbox 1650 1079 1823 1119; x_wconf 89' lang='lat' dir='ltr'>verbum</span> 
     </span>
     <span class='ocr_line' id='line_1_16' title="bbox 309 1145 1822 1200; baseline -0.001 -15"><span class='ocrx_word' id='word_1_128' title='bbox 309 1146 434 1197; x_wconf 78' lang='grc' dir='ltr'>πατὴρ</span> <span class='ocrx_word' id='word_1_129' title='bbox 469 1160 598 1200; x_wconf 89' lang='lat' dir='ltr'>usque</span> <span class='ocrx_word' id='word_1_130' title='bbox 630 1147 683 1186; x_wconf 86' lang='lat' dir='ltr'>ad</span> <span class='ocrx_word' id='word_1_131' title='bbox 714 1146 1005 1186; x_wconf 80' lang='lat' dir='ltr'>Justinianum</span> <span class='ocrx_word' id='word_1_132' title='bbox 1038 1146 1171 1186; x_wconf 87' lang='lat' dir='ltr'>multo</span> <span class='ocrx_word' id='word_1_133' title='bbox 1204 1145 1339 1200; x_wconf 86' lang='lat' dir='ltr'>magis</span> <span class='ocrx_word' id='word_1_134' title='bbox 1373 1145 1638 1186; x_wconf 78' lang='lat' dir='ltr'>Constantini</span> <span class='ocrx_word' id='word_1_135' title='bbox 1673 1145 1822 1200; x_wconf 82' lang='lat' dir='ltr'>Magni</span> 
     </span>
     <span class='ocr_line' id='line_1_17' title="bbox 310 1212 1823 1266; baseline 0 -14"><span class='ocrx_word' id='word_1_136' title='bbox 310 1212 568 1265; x_wconf 78' lang='lat' dir='ltr'>temporibus</span> <span class='ocrx_word' id='word_1_137' title='bbox 599 1213 748 1266; x_wconf 89' lang='lat' dir='ltr'>hospes</span> <span class='ocrx_word' id='word_1_138' title='bbox 778 1213 819 1251; x_wconf 89' lang='lat' dir='ltr'>in</span> <span class='ocrx_word' id='word_1_139' title='bbox 847 1213 1012 1253; x_wconf 74' lang='lat' dir='ltr'>Graecia</span> <span class='ocrx_word' id='word_1_140' title='bbox 1039 1213 1165 1253; x_wconf 88' lang='lat' dir='ltr'>fuisse</span> <span class='ocrx_word' id='word_1_141' title='bbox 1194 1219 1237 1253; x_wconf 86' lang='lat' dir='ltr'>et</span> <span class='ocrx_word' id='word_1_142' title='bbox 1257 1213 1324 1253; x_wconf 74' lang='lat' dir='ltr'>vix</span> <span class='ocrx_word' id='word_1_143' title='bbox 1351 1214 1477 1253; x_wconf 88' lang='lat' dir='ltr'>fando</span> <span class='ocrx_word' id='word_1_144' title='bbox 1505 1213 1710 1253; x_wconf 86' lang='lat' dir='ltr'>auditum.</span> <span class='ocrx_word' id='word_1_145' title='bbox 1772 1213 1823 1252; x_wconf 89' lang='lat' dir='ltr'>Id</span> 
     </span>
     <span class='ocr_line' id='line_1_18' title="bbox 311 1279 1822 1333; baseline 0.001 -14"><span class='ocrx_word' id='word_1_146' title='bbox 311 1280 460 1320; x_wconf 81' lang='lat' dir='ltr'>suadet</span> <span class='ocrx_word' id='word_1_147' title='bbox 483 1279 705 1333; x_wconf 77' lang='lat' dir='ltr'>Papiniani</span> <span class='ocrx_word' id='word_1_148' title='bbox 723 1280 766 1319; x_wconf 83' lang='lat' dir='ltr'>J.</span> <span class='ocrx_word' id='word_1_149' title='bbox 785 1280 829 1321; x_wconf 83' lang='lat' dir='ltr'>C.</span> <span class='ocrx_word' id='word_1_150' title='bbox 851 1280 1106 1320; x_wconf 76' lang='lat' dir='ltr'>celeberrimi</span> <span class='ocrx_word' id='word_1_151' title='bbox 1128 1281 1233 1320; x_wconf 88' lang='lat' dir='ltr'>liber</span> <span class='ocrx_word' id='word_1_152' title='bbox 1251 1279 1530 1330; x_wconf 82' lang='grc' dir='ltr'>Ἀστυνομικὸς</span> <span class='ocrx_word' id='word_1_153' title='bbox 1551 1280 1702 1320; x_wconf 89' lang='lat' dir='ltr'>dictus.</span> <span class='ocrx_word' id='word_1_154' title='bbox 1756 1280 1822 1320; x_wconf 88' lang='lat' dir='ltr'>Ibi</span> 
     </span>
     <span class='ocr_line' id='line_1_19' title="bbox 310 1346 1823 1400; baseline 0.001 -15"><span class='ocrx_word' id='word_1_155' title='bbox 310 1361 485 1386; x_wconf 88' lang='lat' dir='ltr'>munera</span> <span class='ocrx_word' id='word_1_156' title='bbox 510 1352 553 1386; x_wconf 89' lang='lat' dir='ltr'>et</span> <span class='ocrx_word' id='word_1_157' title='bbox 584 1352 727 1400; x_wconf 85' lang='lat' dir='ltr'>partes</span> <span class='ocrx_word' id='word_1_158' title='bbox 764 1348 983 1397; x_wconf 79' lang='grc' dir='ltr'>ἀστυνόμον</span> <span class='ocrx_word' id='word_1_159' title='bbox 1013 1347 1102 1387; x_wconf 86' lang='lat' dir='ltr'>fuse</span> <span class='ocrx_word' id='word_1_160' title='bbox 1133 1352 1409 1400; x_wconf 82' lang='lat' dir='ltr'>accurateque</span> <span class='ocrx_word' id='word_1_161' title='bbox 1440 1346 1663 1400; x_wconf 84' lang='lat' dir='ltr'>descripsit</span> <span class='ocrx_word' id='word_1_162' title='bbox 1692 1351 1823 1400; x_wconf 86' lang='lat' dir='ltr'>atque</span> 
     </span>
     <span class='ocr_line' id='line_1_20' title="bbox 312 1412 1825 1467; baseline 0.001 -15"><span class='ocrx_word' id='word_1_163' title='bbox 312 1412 518 1467; x_wconf 80' lang='lat' dir='ltr'>exposuit.</span> <span class='ocrx_word' id='word_1_164' title='bbox 583 1413 782 1453; x_wconf 85' lang='lat' dir='ltr'>Manibus</span> <span class='ocrx_word' id='word_1_165' title='bbox 804 1413 1046 1453; x_wconf 69' lang='lat' dir='ltr'>Graecorum</span> <span class='ocrx_word' id='word_1_166' title='bbox 1073 1414 1465 1467; x_wconf 88' lang='lat' dir='ltr'>jurisconsultorum</span> <span class='ocrx_word' id='word_1_167' title='bbox 1490 1413 1635 1453; x_wconf 89' lang='lat' dir='ltr'>unicus</span> <span class='ocrx_word' id='word_1_168' title='bbox 1655 1413 1825 1454; x_wconf 83' lang='lat' dir='ltr'>assidue</span> 
     </span>
     <span class='ocr_line' id='line_1_21' title="bbox 307 1478 1825 1535; baseline 0.002 -17"><span class='ocrx_word' id='word_1_169' title='bbox 307 1479 537 1518; x_wconf 83' lang='lat' dir='ltr'>terebatur.</span> <span class='ocrx_word' id='word_1_170' title='bbox 599 1478 665 1518; x_wconf 84' lang='lat' dir='ltr'>Ex</span> <span class='ocrx_word' id='word_1_171' title='bbox 707 1493 755 1518; x_wconf 92' lang='lat' dir='ltr'>eo</span> <span class='ocrx_word' id='word_1_172' title='bbox 792 1494 913 1519; x_wconf 86' lang='lat' dir='ltr'>curas</span> <span class='ocrx_word' id='word_1_173' title='bbox 950 1485 991 1520; x_wconf 91' lang='lat' dir='ltr'>et</span> <span class='ocrx_word' id='word_1_174' title='bbox 1027 1480 1197 1535; x_wconf 86' lang='lat' dir='ltr'>negotia</span> <span class='ocrx_word' id='word_1_175' title='bbox 1231 1483 1298 1519; x_wconf 82' lang='grc' dir='ltr'>τοῦ</span> <span class='ocrx_word' id='word_1_176' title='bbox 1333 1481 1551 1530; x_wconf 80' lang='grc' dir='ltr'>ἀστυνόμον</span> <span class='ocrx_word' id='word_1_177' title='bbox 1592 1481 1825 1522; x_wconf 81' lang='grc' dir='ltr'>αὐθεντικῶς</span> 
     </span>
     <span class='ocr_line' id='line_1_22' title="bbox 309 1545 1823 1599; baseline 0.001 -14"><span class='ocrx_word' id='word_1_178' title='bbox 309 1545 563 1586; x_wconf 81' lang='lat' dir='ltr'>ediscebant.</span> <span class='ocrx_word' id='word_1_179' title='bbox 610 1545 674 1584; x_wconf 91' lang='lat' dir='ltr'>Illi</span> <span class='ocrx_word' id='word_1_180' title='bbox 697 1545 873 1599; x_wconf 82' lang='lat' dir='ltr'>denique</span> <span class='ocrx_word' id='word_1_181' title='bbox 895 1561 1021 1599; x_wconf 90' lang='lat' dir='ltr'>supra</span> <span class='ocrx_word' id='word_1_182' title='bbox 1043 1547 1147 1586; x_wconf 86' lang='lat' dir='ltr'>alios</span> <span class='ocrx_word' id='word_1_183' title='bbox 1170 1561 1312 1586; x_wconf 88' lang='lat' dir='ltr'>omnes</span> <span class='ocrx_word' id='word_1_184' title='bbox 1332 1546 1538 1586; x_wconf 82' lang='lat' dir='ltr'>maximus</span> <span class='ocrx_word' id='word_1_185' title='bbox 1556 1551 1599 1586; x_wconf 90' lang='lat' dir='ltr'>et</span> <span class='ocrx_word' id='word_1_186' title='bbox 1620 1547 1823 1587; x_wconf 81' lang='lat' dir='ltr'>doctrinae</span> 
     </span>
     <span class='ocr_line' id='line_1_23' title="bbox 309 1611 1824 1666; baseline 0.001 -14"><span class='ocrx_word' id='word_1_187' title='bbox 309 1618 353 1653; x_wconf 88' lang='lat' dir='ltr'>et</span> <span class='ocrx_word' id='word_1_188' title='bbox 383 1611 652 1652; x_wconf 85' lang='lat' dir='ltr'>auctoritatis</span> <span class='ocrx_word' id='word_1_189' title='bbox 683 1612 870 1651; x_wconf 88' lang='lat' dir='ltr'>cumulus</span> <span class='ocrx_word' id='word_1_190' title='bbox 902 1619 1148 1653; x_wconf 87' lang='lat' dir='ltr'>accesserat.</span> <span class='ocrx_word' id='word_1_191' title='bbox 1212 1613 1493 1663; x_wconf 58' lang='lat' dir='ltr'>Quamobrem</span> <span class='ocrx_word' id='word_1_192' title='bbox 1515 1613 1614 1652; x_wconf 87' lang='lat' dir='ltr'>dmn</span> <span class='ocrx_word' id='word_1_193' title='bbox 1635 1614 1824 1666; x_wconf 88' lang='lat' dir='ltr'>quotidie</span> 
     </span>
     <span class='ocr_line' id='line_1_24' title="bbox 309 1678 1823 1732; baseline 0.003 -15"><span class='ocrx_word' id='word_1_194' title='bbox 309 1678 491 1718; x_wconf 89' lang='lat' dir='ltr'>libellum</span> <span class='ocrx_word' id='word_1_195' title='bbox 512 1679 620 1718; x_wconf 91' lang='lat' dir='ltr'>hunc</span> <span class='ocrx_word' id='word_1_196' title='bbox 644 1678 948 1732; x_wconf 86' lang='lat' dir='ltr'>Papinianeum</span> <span class='ocrx_word' id='word_1_197' title='bbox 970 1684 1092 1719; x_wconf 82' lang='lat' dir='ltr'>tanto</span> <span class='ocrx_word' id='word_1_198' title='bbox 1117 1680 1257 1720; x_wconf 86' lang='lat' dir='ltr'>studio</span> <span class='ocrx_word' id='word_1_199' title='bbox 1279 1694 1327 1720; x_wconf 87' lang='lat' dir='ltr'>ac</span> <span class='ocrx_word' id='word_1_200' title='bbox 1349 1680 1506 1719; x_wconf 88' lang='lat' dir='ltr'>honore</span> <span class='ocrx_word' id='word_1_201' title='bbox 1529 1679 1665 1720; x_wconf 84' lang='lat' dir='ltr'>Graeci</span> <span class='ocrx_word' id='word_1_202' title='bbox 1685 1694 1823 1721; x_wconf 85' lang='lat' dir='ltr'>versa-</span> 
     </span>
     <span class='ocr_line' id='line_1_25' title="bbox 309 1745 1824 1800; baseline 0.002 -16"><span class='ocrx_word' id='word_1_203' title='bbox 309 1749 467 1793; x_wconf 70' lang='lat' dir='ltr'>rentur,</span> <span class='ocrx_word' id='word_1_204' title='bbox 504 1745 585 1793; x_wconf 70' lang='lat' dir='ltr'>vix,</span> <span class='ocrx_word' id='word_1_205' title='bbox 617 1750 666 1785; x_wconf 89' lang='lat' dir='ltr'>ut</span> <span class='ocrx_word' id='word_1_206' title='bbox 701 1746 859 1799; x_wconf 84' lang='lat' dir='ltr'>opinor,</span> <span class='ocrx_word' id='word_1_207' title='bbox 892 1746 961 1785; x_wconf 81' lang='grc' dir='ltr'>τὸν</span> <span class='ocrx_word' id='word_1_208' title='bbox 992 1747 1225 1796; x_wconf 81' lang='grc' dir='ltr'>ἀστυνόμον,</span> <span class='ocrx_word' id='word_1_209' title='bbox 1262 1746 1372 1786; x_wconf 90' lang='lat' dir='ltr'>unde</span> <span class='ocrx_word' id='word_1_210' title='bbox 1406 1746 1511 1787; x_wconf 90' lang='lat' dir='ltr'>liber</span> <span class='ocrx_word' id='word_1_211' title='bbox 1545 1747 1634 1800; x_wconf 89' lang='lat' dir='ltr'>ipse</span> <span class='ocrx_word' id='word_1_212' title='bbox 1673 1761 1824 1788; x_wconf 91' lang='lat' dir='ltr'>nomen</span> 
     </span>
     <span class='ocr_line' id='line_1_26' title="bbox 310 1811 1825 1860; baseline 0.002 -9"><span class='ocrx_word' id='word_1_213' title='bbox 310 1826 431 1851; x_wconf 90' lang='lat' dir='ltr'>suum</span> <span class='ocrx_word' id='word_1_214' title='bbox 462 1812 652 1860; x_wconf 75' lang='lat' dir='ltr'>duxerat,</span> <span class='ocrx_word' id='word_1_215' title='bbox 676 1811 717 1850; x_wconf 91' lang='lat' dir='ltr'>in</span> <span class='ocrx_word' id='word_1_216' title='bbox 749 1811 1064 1851; x_wconf 85' lang='lat' dir='ltr'>desuetudinem</span> <span class='ocrx_word' id='word_1_217' title='bbox 1097 1812 1248 1852; x_wconf 86' lang='lat' dir='ltr'>abiisse</span> <span class='ocrx_word' id='word_1_218' title='bbox 1281 1812 1485 1853; x_wconf 84' lang='lat' dir='ltr'>sivissent.</span> <span class='ocrx_word' id='word_1_219' title='bbox 1547 1813 1705 1854; x_wconf 84' lang='lat' dir='ltr'>Postea</span> <span class='ocrx_word' id='word_1_220' title='bbox 1726 1828 1825 1854; x_wconf 78' lang='lat' dir='ltr'>vero</span> 
     </span>
     <span class='ocr_line' id='line_1_27' title="bbox 310 1877 1824 1933; baseline 0.001 -15"><span class='ocrx_word' id='word_1_221' title='bbox 310 1892 403 1918; x_wconf 91' lang='lat' dir='ltr'>cum</span> <span class='ocrx_word' id='word_1_222' title='bbox 425 1877 657 1917; x_wconf 72' lang='lat' dir='ltr'>dustiniani</span> <span class='ocrx_word' id='word_1_223' title='bbox 678 1892 766 1918; x_wconf 76' lang='lat' dir='ltr'>aevo</span> <span class='ocrx_word' id='word_1_224' title='bbox 787 1884 829 1918; x_wconf 85' lang='lat' dir='ltr'>et</span> <span class='ocrx_word' id='word_1_225' title='bbox 845 1878 965 1931; x_wconf 88' lang='lat' dir='ltr'>jussu</span> <span class='ocrx_word' id='word_1_226' title='bbox 986 1878 1089 1918; x_wconf 91' lang='lat' dir='ltr'>liber</span> <span class='ocrx_word' id='word_1_227' title='bbox 1109 1878 1175 1918; x_wconf 91' lang='lat' dir='ltr'>hic</span> <span class='ocrx_word' id='word_1_228' title='bbox 1204 1893 1287 1919; x_wconf 87' lang='lat' dir='ltr'>una</span> <span class='ocrx_word' id='word_1_229' title='bbox 1315 1893 1408 1918; x_wconf 90' lang='lat' dir='ltr'>cum</span> <span class='ocrx_word' id='word_1_230' title='bbox 1438 1878 1530 1919; x_wconf 85' lang='lat' dir='ltr'>aliis</span> <span class='ocrx_word' id='word_1_231' title='bbox 1561 1880 1751 1933; x_wconf 90' lang='lat' dir='ltr'>plurimis</span> <span class='ocrx_word' id='word_1_232' title='bbox 1781 1880 1824 1920; x_wconf 89' lang='lat' dir='ltr'>in</span> 
     </span>
     <span class='ocr_line' id='line_1_28' title="bbox 310 1943 1825 1999; baseline 0.003 -16"><span class='ocrx_word' id='word_1_233' title='bbox 310 1943 489 1998; x_wconf 84' lang='lat' dir='ltr'>Digesta</span> <span class='ocrx_word' id='word_1_234' title='bbox 519 1944 691 1983; x_wconf 91' lang='lat' dir='ltr'>mutilus</span> <span class='ocrx_word' id='word_1_235' title='bbox 721 1944 1035 1992; x_wconf 72' lang='lat' dir='ltr'>transferretur,</span> <span class='ocrx_word' id='word_1_236' title='bbox 1059 1945 1400 1998; x_wconf 86' lang='lat' dir='ltr'>percrebrescens</span> <span class='ocrx_word' id='word_1_237' title='bbox 1430 1946 1633 1999; x_wconf 86' lang='lat' dir='ltr'>paulatim</span> <span class='ocrx_word' id='word_1_238' title='bbox 1665 1951 1732 1986; x_wconf 83' lang='grc' dir='ltr'>τοῦ</span> <span class='ocrx_word' id='word_1_239' title='bbox 1753 1964 1825 1987; x_wconf 84' lang='grc' dir='ltr'>πα-</span> 
     </span>
     <span class='ocr_line' id='line_1_29' title="bbox 309 2010 1826 2065; baseline 0.003 -16"><span class='ocrx_word' id='word_1_240' title='bbox 309 2011 399 2062; x_wconf 87' lang='grc' dir='ltr'>τρὸς</span> <span class='ocrx_word' id='word_1_241' title='bbox 419 2010 665 2050; x_wconf 76' lang='lat' dir='ltr'>vocabulum</span> <span class='ocrx_word' id='word_1_242' title='bbox 690 2010 790 2049; x_wconf 89' lang='lat' dir='ltr'>illud</span> <span class='ocrx_word' id='word_1_243' title='bbox 820 2010 999 2050; x_wconf 86' lang='lat' dir='ltr'>alterum</span> <span class='ocrx_word' id='word_1_244' title='bbox 1030 2014 1096 2050; x_wconf 86' lang='grc' dir='ltr'>τοῦ</span> <span class='ocrx_word' id='word_1_245' title='bbox 1126 2012 1344 2062; x_wconf 80' lang='grc' dir='ltr'>ἀστυνόμον</span> <span class='ocrx_word' id='word_1_246' title='bbox 1371 2012 1613 2065; x_wconf 87' lang='lat' dir='ltr'>antiquasse</span> <span class='ocrx_word' id='word_1_247' title='bbox 1642 2013 1826 2054; x_wconf 88' lang='lat' dir='ltr'>credide-</span> 
     </span>
     <span class='ocr_line' id='line_1_30' title="bbox 308 2076 1826 2131; baseline 0.002 -15"><span class='ocrx_word' id='word_1_248' title='bbox 308 2077 400 2117; x_wconf 91' lang='lat' dir='ltr'>rim.</span> <span class='ocrx_word' id='word_1_249' title='bbox 462 2076 648 2117; x_wconf 86' lang='lat' dir='ltr'>Nostras</span> <span class='ocrx_word' id='word_1_250' title='bbox 680 2091 805 2131; x_wconf 86' lang='lat' dir='ltr'>porro</span> <span class='ocrx_word' id='word_1_251' title='bbox 837 2077 1100 2130; x_wconf 82' lang='lat' dir='ltr'>conjecturas</span> <span class='ocrx_word' id='word_1_252' title='bbox 1133 2077 1236 2117; x_wconf 88' lang='lat' dir='ltr'>mire</span> <span class='ocrx_word' id='word_1_253' title='bbox 1268 2078 1489 2118; x_wconf 87' lang='lat' dir='ltr'>confirmat</span> <span class='ocrx_word' id='word_1_254' title='bbox 1520 2078 1826 2119; x_wconf 87' lang='lat' dir='ltr'>illustrissimus</span> 
     </span>
     <span class='ocr_line' id='line_1_31' title="bbox 311 2142 1823 2200; baseline 0.003 -17"><span class='ocrx_word' id='word_1_255' title='bbox 311 2142 492 2197; x_wconf 79' lang='lat' dir='ltr'>Gangius</span> <span class='ocrx_word' id='word_1_256' title='bbox 528 2143 570 2181; x_wconf 89' lang='lat' dir='ltr'>in</span> <span class='ocrx_word' id='word_1_257' title='bbox 604 2143 817 2182; x_wconf 81' lang='lat' dir='ltr'>Glossario</span> <span class='ocrx_word' id='word_1_258' title='bbox 853 2157 979 2196; x_wconf 86' lang='lat' dir='ltr'>supra</span> <span class='ocrx_word' id='word_1_259' title='bbox 1013 2150 1260 2193; x_wconf 79' lang='lat' dir='ltr'>memorato,</span> <span class='ocrx_word' id='word_1_260' title='bbox 1297 2146 1368 2184; x_wconf 85' lang='lat' dir='ltr'>ubi</span> <span class='ocrx_word' id='word_1_261' title='bbox 1404 2146 1621 2185; x_wconf 89' lang='lat' dir='ltr'>nobiscum</span> <span class='ocrx_word' id='word_1_262' title='bbox 1655 2147 1744 2200; x_wconf 87' lang='lat' dir='ltr'>ipse</span> <span class='ocrx_word' id='word_1_263' title='bbox 1780 2147 1823 2187; x_wconf 76' lang='grc' dir='ltr'>τὸ</span> 
     </span>
     <span class='ocr_line' id='line_1_32' title="bbox 310 2208 1824 2262; baseline 0.004 -14"><span class='ocrx_word' id='word_1_264' title='bbox 310 2209 435 2259; x_wconf 83' lang='grc' dir='ltr'>πατὴρ</span> <span class='ocrx_word' id='word_1_265' title='bbox 465 2222 542 2262; x_wconf 86' lang='lat' dir='ltr'>pro</span> <span class='ocrx_word' id='word_1_266' title='bbox 572 2212 693 2261; x_wconf 86' lang='lat' dir='ltr'>patre</span> <span class='ocrx_word' id='word_1_267' title='bbox 724 2208 906 2248; x_wconf 82' lang='lat' dir='ltr'>civitatis</span> <span class='ocrx_word' id='word_1_268' title='bbox 937 2214 1156 2262; x_wconf 85' lang='lat' dir='ltr'>acceptum</span> <span class='ocrx_word' id='word_1_269' title='bbox 1187 2216 1381 2250; x_wconf 87' lang='lat' dir='ltr'>numerat</span> <span class='ocrx_word' id='word_1_270' title='bbox 1410 2211 1521 2252; x_wconf 83' lang='lat' dir='ltr'>inter</span> <span class='ocrx_word' id='word_1_271' title='bbox 1542 2226 1662 2252; x_wconf 86' lang='lat' dir='ltr'>voces</span> <span class='ocrx_word' id='word_1_272' title='bbox 1683 2215 1824 2254; x_wconf 78' lang='lat' dir='ltr'>mediae</span> 
     </span>
     <span class='ocr_line' id='line_1_33' title="bbox 311 2275 1823 2334; baseline 0.003 -19"><span class='ocrx_word' id='word_1_273' title='bbox 311 2280 349 2315; x_wconf 85' lang='lat' dir='ltr'>et</span> <span class='ocrx_word' id='word_1_274' title='bbox 369 2275 516 2326; x_wconf 67' lang='lat' dir='ltr'>infimae</span> <span class='ocrx_word' id='word_1_275' title='bbox 536 2275 786 2323; x_wconf 77' lang='lat' dir='ltr'>Grcecz&#39;tatz&#39;s,</span> <span class='ocrx_word' id='word_1_276' title='bbox 809 2288 941 2327; x_wconf 86' lang='lat' dir='ltr'>neque</span> <span class='ocrx_word' id='word_1_277' title='bbox 962 2275 1088 2314; x_wconf 88' lang='lat' dir='ltr'>ullum</span> <span class='ocrx_word' id='word_1_278' title='bbox 1110 2276 1357 2329; x_wconf 85' lang='lat' dir='ltr'>scriptorem</span> <span class='ocrx_word' id='word_1_279' title='bbox 1378 2277 1622 2318; x_wconf 73' lang='lat' dir='ltr'>Jiistiniano</span> <span class='ocrx_word' id='word_1_280' title='bbox 1643 2280 1823 2334; x_wconf 87' lang='lat' dir='ltr'>antiqui—</span> 
     </span>
     <span class='ocr_line' id='line_1_34' title="bbox 311 2341 1157 2394; baseline 0.001 -13"><span class='ocrx_word' id='word_1_281' title='bbox 311 2355 437 2389; x_wconf 80' lang='lat' dir='ltr'>orem,</span> <span class='ocrx_word' id='word_1_282' title='bbox 460 2341 571 2394; x_wconf 88' lang='lat' dir='ltr'>apud</span> <span class='ocrx_word' id='word_1_283' title='bbox 595 2355 718 2394; x_wconf 87' lang='lat' dir='ltr'>quem</span> <span class='ocrx_word' id='word_1_284' title='bbox 740 2345 919 2386; x_wconf 76' lang='lat' dir='ltr'>extaret,</span> <span class='ocrx_word' id='word_1_285' title='bbox 944 2341 1157 2382; x_wconf 83' lang='lat' dir='ltr'>indicavit.</span> 
     </span>
    </p>

    <p class='ocr_par' dir='ltr' id='par_1_4' title="bbox 311 2405 1825 2727">
     <span class='ocr_line' id='line_1_35' title="bbox 370 2405 1822 2466; baseline 0.006 -21"><span class='ocrx_word' id='word_1_286' title='bbox 370 2407 407 2458; x_wconf 65' lang='grc' dir='ltr'>ξ.</span> <span class='ocrx_word' id='word_1_287' title='bbox 434 2419 496 2446; x_wconf 92' lang='grc'>10.</span> <span class='ocrx_word' id='word_1_288' title='bbox 533 2405 691 2446; x_wconf 85' lang='lat' dir='ltr'>Similia</span> <span class='ocrx_word' id='word_1_289' title='bbox 721 2413 819 2445; x_wconf 87' lang='lat' dir='ltr'>sunt</span> <span class='ocrx_word' id='word_1_290' title='bbox 850 2406 919 2446; x_wconf 89' lang='lat' dir='ltr'>illa</span> <span class='ocrx_word' id='word_1_291' title='bbox 950 2407 1134 2460; x_wconf 88' lang='lat' dir='ltr'>ejusdem</span> <span class='ocrx_word' id='word_1_292' title='bbox 1165 2409 1220 2448; x_wconf 87' lang='lat' dir='ltr'>ad</span> <span class='ocrx_word' id='word_1_293' title='bbox 1251 2409 1483 2450; x_wconf 87' lang='lat' dir='ltr'>orationem</span> <span class='ocrx_word' id='word_1_294' title='bbox 1512 2410 1562 2449; x_wconf 91' lang='lat' dir='ltr'>de</span> <span class='ocrx_word' id='word_1_295' title='bbox 1573 2411 1691 2462; x_wconf 75' lang='lat' dir='ltr'>falsa</span> <span class='ocrx_word' id='word_1_296' title='bbox 1713 2415 1822 2466; x_wconf 72' lang='lat' dir='ltr'>{eya-</span> 
     </span>
     <span class='ocr_line' id='line_1_36' title="bbox 311 2471 1825 2525; baseline 0.006 -13"><span class='ocrx_word' id='word_1_297' title='bbox 311 2475 429 2512; x_wconf 72' lang='lat' dir='ltr'>tz&#39;one.</span> <span class='ocrx_word' id='word_1_298' title='bbox 490 2471 642 2511; x_wconf 76' lang='grc' dir='ltr'>Ἰστέον</span> <span class='ocrx_word' id='word_1_299' title='bbox 670 2473 711 2510; x_wconf 78' lang='grc' dir='ltr'>δὲ</span> <span class='ocrx_word' id='word_1_300' title='bbox 747 2473 805 2511; x_wconf 81' lang='grc' dir='ltr'>ὅτι</span> <span class='ocrx_word' id='word_1_301' title='bbox 841 2473 1069 2522; x_wconf 78' lang='grc' dir='ltr'>ἀριθμοῦσιν</span> <span class='ocrx_word' id='word_1_302' title='bbox 1100 2476 1136 2513; x_wconf 81' lang='grc' dir='ltr'>οἱ</span> <span class='ocrx_word' id='word_1_303' title='bbox 1156 2473 1355 2525; x_wconf 82' lang='grc' dir='ltr'>Ἀθηναῖοι</span> <span class='ocrx_word' id='word_1_304' title='bbox 1392 2477 1462 2518; x_wconf 82' lang='grc' dir='ltr'>ἕως</span> <span class='ocrx_word' id='word_1_305' title='bbox 1495 2481 1568 2516; x_wconf 76' lang='grc' dir='ltr'>τῶν</span> <span class='ocrx_word' id='word_1_306' title='bbox 1598 2479 1743 2519; x_wconf 83' lang='grc' dir='ltr'>δώδεκα</span> <span class='ocrx_word' id='word_1_307' title='bbox 1774 2482 1825 2524; x_wconf 80' lang='grc' dir='ltr'>ὡς</span> 
     </span>
     <span class='ocr_line' id='line_1_37' title="bbox 313 2537 1821 2599; baseline 0.007 -24"><span class='ocrx_word' id='word_1_308' title='bbox 313 2540 431 2589; x_wconf 69' lang='grc' dir='ltr'>ἡμεῖς,</span> <span class='ocrx_word' id='word_1_309' title='bbox 456 2539 505 2579; x_wconf 85' lang='grc' dir='ltr'>ὡς</span> <span class='ocrx_word' id='word_1_310' title='bbox 538 2538 681 2590; x_wconf 81' lang='grc' dir='ltr'>ἔχομεν</span> <span class='ocrx_word' id='word_1_311' title='bbox 712 2537 782 2586; x_wconf 76' lang='grc' dir='ltr'>τὴν</span> <span class='ocrx_word' id='word_1_312' title='bbox 811 2541 953 2590; x_wconf 81' lang='grc' dir='ltr'>χρῆσιν</span> <span class='ocrx_word' id='word_1_313' title='bbox 985 2541 1027 2578; x_wconf 83' lang='grc' dir='ltr'>ἐν</span> <span class='ocrx_word' id='word_1_314' title='bbox 1058 2540 1108 2592; x_wconf 69' lang='grc' dir='ltr'>τῷ</span> <span class='ocrx_word' id='word_1_315' title='bbox 1141 2542 1236 2579; x_wconf 78' lang='grc' dir='ltr'>κατὰ</span> <span class='ocrx_word' id='word_1_316' title='bbox 1256 2542 1528 2593; x_wconf 79' lang='grc' dir='ltr'>Τιμοκράτους,</span> <span class='ocrx_word' id='word_1_317' title='bbox 1551 2545 1594 2583; x_wconf 84' lang='grc' dir='ltr'>ἐν</span> <span class='ocrx_word' id='word_1_318' title='bbox 1625 2545 1680 2587; x_wconf 75' lang='grc' dir='ltr'>οἶς</span> <span class='ocrx_word' id='word_1_319' title='bbox 1709 2546 1821 2599; x_wconf 70' lang='grc' dir='ltr'>λέγῃ,</span> 
     </span>
     <span class='ocr_line' id='line_1_38' title="bbox 315 2603 1824 2660; baseline 0.006 -15"><span class='ocrx_word' id='word_1_320' title='bbox 315 2605 531 2652; x_wconf 78' lang='grc' dir='ltr'>ἑνδέκατον,</span> <span class='ocrx_word' id='word_1_321' title='bbox 562 2603 775 2644; x_wconf 75' lang='grc' dir='ltr'>δωδέκατον</span> <span class='ocrx_word' id='word_1_322' title='bbox 804 2605 873 2644; x_wconf 81' lang='grc' dir='ltr'>τὸν</span> <span class='ocrx_word' id='word_1_323' title='bbox 903 2606 1021 2654; x_wconf 85' lang='grc' dir='ltr'>νόμον</span> <span class='ocrx_word' id='word_1_324' title='bbox 1053 2606 1253 2657; x_wconf 77' lang='grc' dir='ltr'>εἰσήνεγκε</span> <span class='ocrx_word' id='word_1_325' title='bbox 1284 2607 1353 2646; x_wconf 82' lang='grc' dir='ltr'>τὸν</span> <span class='ocrx_word' id='word_1_326' title='bbox 1383 2612 1459 2647; x_wconf 80' lang='grc' dir='ltr'>τῶν</span> <span class='ocrx_word' id='word_1_327' title='bbox 1479 2611 1664 2660; x_wconf 85' lang='grc' dir='ltr'>Κρονίων.</span> <span class='ocrx_word' id='word_1_328' title='bbox 1725 2613 1824 2655; x_wconf 79' lang='grc' dir='ltr'>Εἶτα,</span> 
     </span>
     <span class='ocr_line' id='line_1_39' title="bbox 313 2671 1819 2727; baseline 0.006 -16"><span class='ocrx_word' id='word_1_329' title='bbox 313 2671 454 2711; x_wconf 85' lang='grc' dir='ltr'>λοιπὸν</span> <span class='ocrx_word' id='word_1_330' title='bbox 494 2671 561 2710; x_wconf 82' lang='grc' dir='ltr'>οὐκ</span> <span class='ocrx_word' id='word_1_331' title='bbox 609 2671 664 2710; x_wconf 84' lang='grc' dir='ltr'>ἔτι</span> <span class='ocrx_word' id='word_1_332' title='bbox 710 2672 847 2720; x_wconf 80' lang='grc' dir='ltr'>ὁμοίως</span> <span class='ocrx_word' id='word_1_333' title='bbox 890 2672 991 2720; x_wconf 67' lang='grc' dir='ltr'>ἡμῖν,</span> <span class='ocrx_word' id='word_1_334' title='bbox 1034 2673 1139 2711; x_wconf 75' lang='grc' dir='ltr'>ἀλλὰ</span> <span class='ocrx_word' id='word_1_335' title='bbox 1181 2675 1276 2712; x_wconf 83' lang='grc' dir='ltr'>κατὰ</span> <span class='ocrx_word' id='word_1_336' title='bbox 1316 2674 1541 2724; x_wconf 84' lang='grc' dir='ltr'>προσθήκην</span> <span class='ocrx_word' id='word_1_337' title='bbox 1581 2677 1819 2727; x_wconf 78' lang='grc' dir='ltr'>ἀριθμοῦσιν.</span> 
     </span>
    </p>

    <p class='ocr_par' dir='ltr' id='par_1_5' title="bbox 257 2736 1826 2854">
     <span class='ocr_line' id='line_1_40' title="bbox 257 2736 1826 2795; baseline 0.006 -18"><span class='ocrx_word' id='word_1_338' title='bbox 257 2736 509 2779; x_wconf 78' lang='lat' dir='ltr'>22W01fius.</span> <span class='ocrx_word' id='word_1_339' title='bbox 563 2737 781 2775; x_wconf 71' lang='lat' dir='ltr'>Sciendum</span> <span class='ocrx_word' id='word_1_340' title='bbox 817 2741 950 2776; x_wconf 73' lang='lat' dir='ltr'>autem</span> <span class='ocrx_word' id='word_1_341' title='bbox 982 2742 1041 2776; x_wconf 72' lang='lat' dir='ltr'>est</span> <span class='ocrx_word' id='word_1_342' title='bbox 1074 2751 1287 2778; x_wconf 70' lang='lat' dir='ltr'>numerare</span> <span class='ocrx_word' id='word_1_343' title='bbox 1315 2740 1584 2781; x_wconf 73' lang='lat' dir='ltr'>Athenienses</span> <span class='ocrx_word' id='word_1_344' title='bbox 1614 2756 1737 2795; x_wconf 71' lang='lat' dir='ltr'>usqae</span> <span class='ocrx_word' id='word_1_345' title='bbox 1767 2749 1826 2787; x_wconf 84' lang='lat' dir='ltr'>ad</span> 
     </span>
     <span class='ocr_line' id='line_1_41' title="bbox 314 2803 1823 2854; baseline 0.007 -10"><span class='ocrx_word' id='word_1_346' title='bbox 314 2804 525 2844; x_wconf 78' lang='lat' dir='ltr'>duodecim</span> <span class='ocrx_word' id='word_1_347' title='bbox 552 2807 600 2842; x_wconf 86' lang='lat' dir='ltr'>ut</span> <span class='ocrx_word' id='word_1_348' title='bbox 627 2817 714 2851; x_wconf 75' lang='lat' dir='ltr'>nos,</span> <span class='ocrx_word' id='word_1_349' title='bbox 738 2803 850 2853; x_wconf 57' lang='lat' dir='ltr'>cajus</span> <span class='ocrx_word' id='word_1_350' title='bbox 872 2804 931 2842; x_wconf 72' lang='lat' dir='ltr'>rei</span> <span class='ocrx_word' id='word_1_351' title='bbox 952 2817 1066 2843; x_wconf 71' lang='lat' dir='ltr'>usum.</span> <span class='ocrx_word' id='word_1_352' title='bbox 1087 2804 1277 2844; x_wconf 69' lang='lat' dir='ltr'>habemus</span> <span class='ocrx_word' id='word_1_353' title='bbox 1297 2806 1337 2845; x_wconf 71' lang='lat' dir='ltr'>in</span> <span class='ocrx_word' id='word_1_354' title='bbox 1360 2808 1543 2847; x_wconf 75' lang='lat' dir='ltr'>oratione</span> <span class='ocrx_word' id='word_1_355' title='bbox 1568 2809 1823 2854; x_wconf 72' lang='lat' dir='ltr'>Timocratea</span> 
     </span>
    </p>
   </div>
  </div>
 </body>
</html>
