1977 3209
684 122 1084 163 PRAEFATIO.
1625 134 1648 160 v

204 228 386 276 Horum
413 230 636 274 librorum
663 231 868 274 omnium
893 229 1231 274 vetustissimus
1255 234 1324 272 cst
1346 227 1580 271 Parisinus
1603 227 1649 271 S.

136 309 334 366 scriptus
358 306 513 350 seculo
539 306 735 357 decimo,
760 307 929 350 additis
954 305 1253 364 postmodum
1289 303 1473 348 scholiis
1500 303 1557 346 ab
1583 317 1650 353 ea,

136 390 190 427 ut
214 383 413 435 videtur,
439 397 579 425 manu
604 382 784 440 scriptis
809 396 909 439 qum
935 381 1220 425 orationibus
1246 380 1391 423 varias
1426 378 1652 422 lectiones

136 457 357 517 plurimas
381 458 637 515 adscripsit,
662 472 800 515 quam
827 457 969 501 seculi
996 457 1229 501 undecimi
1256 470 1354 500 esse
1381 455 1523 498 videri
1550 454 1650 497 dixi

137 536 184 579 in
219 534 487 594 praefatione
519 533 577 576 ad
608 532 979 577 Demosthenem
1004 533 1093 577 vol.
1121 533 1157 576 Ι.
1184 548 1227 590 p.
1250 532 1341 575 viii.
1413 530 1654 588 Scriptura

138 626 229 654 non
266 625 365 654 raro
402 610 588 661 detrita,
618 610 684 652 ita
720 615 772 652 ut
808 608 1045 652 interdum
1071 608 1144 651 vel
1177 607 1398 653 chemicis
1434 606 1653 650 remediis

137 686 358 730 adhibitis
394 685 723 735 resuscitanda,
752 684 821 727 vel
859 700 916 727 ex
942 684 1150 742 vestigiis
1183 698 1283 741 quae
1317 681 1449 725 stilus
1481 681 1653 724 librarii

137 777 197 805 ex
239 760 429 804 metallo
471 761 600 804 fusus
642 760 922 804 membranis
963 760 1197 818 impressit
1239 758 1444 803 eruenda
1485 757 1653 801 fuerit3

138 837 368 895 margines
393 837 533 880 etiam
572 837 739 894 passim
778 836 986 893 praeseeti
1019 851 1123 879 cum
1159 835 1338 892 aliquot
1372 833 1429 877 de
1462 831 1655 891 singulis

140 913 345 958 versibus
370 912 608 955 literarum
628 912 828 968 jactura,
854 925 992 969 quam
1018 910 1294 968 plerumque
1321 924 1378 952 ex
1404 908 1505 952 aliis
1530 907 1656 951 codi-

140 989 269 1033 cibus
308 1003 517 1046 reparare
556 987 700 1031 licuit.
774 986 880 1044 Ipsa
917 992 1074 1030 autem
1118 984 1399 1029 scholiorum
1439 983 1655 1027 collectio

139 1064 269 1108 nullo
295 1070 422 1108 certo
448 1062 638 1107 consilio
672 1069 742 1107 cst
774 1063 1015 1106 instituta:
1052 1075 1161 1105 nam
1198 1059 1371 1104 scholia
1406 1059 1454 1102 in
1485 1059 1656 1103 oratio-

141 1141 274 1184 nibus
309 1138 545 1183 nonnullis
578 1137 901 1182 orationumve
937 1135 1146 1195 partibus
1182 1142 1291 1180 sunt
1326 1134 1654 1193 copiosissima,

140 1218 185 1261 in
212 1216 313 1260 aliis
346 1216 628 1267 brevissima,
653 1230 773 1273 sche
799 1229 856 1259 ex
883 1212 1199 1271 amplioribus,
1226 1226 1328 1269 quae
1362 1210 1439 1254 alii
1474 1210 1657 1254 codices

139 1298 393 1344 servarunt,
420 1299 652 1350 excerpta.
703 1291 900 1335 Scholiis
926 1288 1161 1333 veteribus
1185 1301 1350 1330 manus
1375 1285 1657 1330 recentiores

140 1384 233 1413 non
275 1384 375 1412 raro
418 1367 578 1412 futiles
619 1367 890 1425 adjecerunt
931 1364 1078 1409 infimi
1122 1363 1204 1406 aevi
1245 1361 1656 1421 grammaticorum

141 1445 481 1495 annotationes,
512 1458 706 1501 quarum
742 1443 940 1502 gratiam
974 1441 1169 1485 fecimus
1193 1438 1460 1483 lectoribus.
1534 1436 1658 1481 Satis

141 1521 265 1564 enim
293 1519 538 1563 videbatur
573 1518 832 1563 istiusmodi
869 1518 1213 1577 glossematum,
1246 1529 1348 1572 quac
1384 1513 1658 1572 plerumque

143 1597 333 1640 verbum
370 1596 510 1640 verbo
547 1596 761 1646 reddunt,
794 1594 1048 1652 specimina
1083 1594 1140 1637 ab
1177 1591 1415 1637 Gulielmo
1454 1589 1659 1634 Morelio

142 1673 200 1716 ad
243 1673 461 1716 orationis
503 1672 562 1715 de
609 1684 777 1715 corona
822 1677 1002 1728 partem
1044 1674 1339 1728 postremam,
1382 1665 1459 1710 ubi
1502 1670 1660 1709 vetera

143 1747 317 1792 scholia
346 1748 582 1798 deficiunt,
608 1761 666 1790 ex
702 1745 802 1790 aliis
834 1745 1070 1789 codicibus
1103 1744 1231 1789 edita
1265 1743 1459 1802 proponi
1498 1756 1662 1800 pauca-

144 1839 245 1867 rum
289 1824 560 1883 paginarum
601 1822 859 1881 dispendio.
931 1819 1087 1864 Semel
1124 1818 1170 1863 S.
1197 1834 1256 1863 ex
1287 1817 1444 1861 Photii
1485 1816 1661 1861 Lexico

144 1907 215 1943 est
252 1898 558 1958 interpolatus
594 1898 639 1940 in
674 1895 848 1939 scholio
886 1895 943 1939 ad
980 1910 1022 1953 p.
1052 1909 1126 1954 29,
1153 1909 1214 1953 3.,
1257 1893 1314 1937 de
1350 1907 1442 1950 quo
1480 1891 1574 1934 dixi
1614 1892 1661 1934 in

144 1980 301 2018 annot.
328 1990 370 2033 p.
406 1974 508 2025 118,
542 1973 611 2016 16.

214 2050 461 2094 Proximus
497 2054 634 2092 aetate
670 2048 818 2092 codex
855 2052 926 2090 est
962 2046 1197 2089 Parisinus
1225 2044 1298 2096 Y„
1332 2048 1546 2088 accurate
1583 2042 1663 2086 de-

145 2128 343 2185 scriptus
383 2126 441 2170 ab
479 2125 676 2169 Dobraeo
713 2124 760 2166 in
797 2122 1024 2167 Auctario
1060 2121 1117 2165 ad
1154 2119 1349 2164 Porsoni
1380 2117 1425 2162 T
1421 2123 1541 2162 mets
1572 2116 1666 2161 (md

145 2201 494 2247 Miscellaneam
529 2199 790 2246 Criticisms
825 2215 866 2258 p.
895 2199 1004 2258 387.
1076 2195 1274 2241 Constat
1308 2194 1516 2254 partibus
1553 2193 1664 2237 dua-

146 2280 242 2331 bus,
270 2295 371 2337 quae
396 2294 422 2323 a
447 2278 627 2322 duobus
660 2277 839 2335 scriptae
875 2280 985 2318 sunt
1021 2272 1229 2331 ejusdem
1255 2271 1351 2315 fere
1385 2269 1546 2320 aetatis,
1571 2269 1600 2312 i.
1622 2283 1662 2312 e.

146 2355 292 2400 seculi
321 2354 570 2405 undecimi,
597 2352 806 2396 librariis.
879 2349 952 2393 De
988 2354 1120 2407 parte
1152 2346 1303 2405 priore
1336 2351 1443 2390 octo
1476 2349 1662 2388 tantum

148 2431 258 2476 folia
295 2435 556 2490 supersunt,
594 2442 791 2486 quorum
833 2427 880 2469 in
918 2425 1067 2484 primo
1105 2423 1232 2466 hunc
1269 2421 1471 2466 indicem
1507 2420 1664 2479 posuit

148 2506 371 2558 librarius,

388 2616 420 2651 4-
436 2605 525 2645 τάδε
548 2604 701 2644 ἔνεστιν
724 2604 766 2643 ἐν
787 2604 890 2652 τῆιδε
913 2603 972 2650 τῆι
993 2599 1143 2650 βίβλωι.
1158 2607 1191 2644 ÷

550 2669 812 2722 δημοσθένους

502 2748 538 2784 -Ι-
551 2737 773 2790 φιλιππικοὶ
785 2745 819 2780 -st-

493 2810 516 2845 ᾶ
549 2803 781 2845 ὀλυνθιακὸς
802 2806 826 2841 <i
