1977 3209
701 125 1102 166 PRAEFATIO.
1621 126 1661 165 ix

151 237 398 282 lectionem
446 235 719 293 composuit.
791 233 1001 277 Fuerunt
1042 238 1198 276 tamen
1238 232 1476 290 aliquanto
1519 232 1664 291 negli-

149 313 334 371 gentius
370 311 527 369 scripti
562 310 864 368 plurimisque
896 310 1018 352 vitiis
1053 308 1281 366 inquinati
1317 308 1484 366 quibus
1520 308 1664 352 libera

150 394 257 431 sunt
303 386 586 444 exemplaria
634 385 840 429 Parisina
885 383 1125 429 T.C.D.G.
1175 399 1275 441 quat·
1324 384 1403 427 ubi
1462 384 1507 426 in
1556 399 1664 428 vera

149 463 375 520 scriptura
420 460 732 511 consentiunt,
778 475 869 504 non
925 460 1014 502 fuit
1056 474 1210 517 operae
1260 459 1460 517 pretium
1509 460 1665 504 omnia

150 538 364 581 editionis
389 537 579 581 Aldinae
606 536 717 579 vitia
741 536 787 578 in
821 536 1124 579 annotatione
1160 535 1436 578 memorari:
1474 550 1579 592 quae
1604 550 1663 578 ex

149 613 426 672 Appendice
452 629 493 671 p.
525 613 616 672 819
643 627 768 670 seqq.
797 625 1077 669 cognoscere
1103 616 1326 667 poterunt
1351 610 1429 667 qui
1460 610 1627 655 volent.

216 689 373 732 Editio
413 688 588 732 Aldina
626 688 734 731 anni
776 700 893 746 1503
939 692 1184 744 postquam
1227 686 1284 729 ab
1325 684 1453 728 Aldo
1489 686 1586 744 ipso
1622 702 1662 730 a.

156 776 292 824 1527.
333 780 439 808 cum
479 764 565 807 levi
617 765 855 821 scripturae
901 762 1168 805 diversitate
1212 761 1411 819 repetita
1458 766 1505 805 et
1551 777 1663 805 mox

151 842 209 896 (a.
259 843 399 900 1532)
449 840 640 883 Basilcae
687 839 744 882 ab
790 837 972 882 Joanne
1025 838 1259 895 Hervagio
1307 837 1474 879 iterata
1527 842 1660 888 esset,

149 917 324 975 primus
360 918 437 974 qui
474 916 686 959 meliores
723 915 905 957 codices
942 914 1215 971 quaerendos
1245 927 1342 956 esse
1378 911 1661 969 intelligeret

150 993 237 1036 fuit
264 992 527 1036 Gulielmus
566 991 806 1039 Morelius,
841 991 916 1048 qui
955 990 1148 1032 editioni
1187 989 1409 1032 Parisinae
1445 1003 1484 1031 a.
1528 1000 1661 1047 1570.

149 1067 321 1112 scholia
346 1068 513 1125 partim
539 1082 598 1110 ex
631 1067 897 1124 conjectura
933 1065 1099 1123 partim
1132 1079 1191 1107 ex
1216 1063 1450 1108 codicibus
1475 1063 1664 1120 quibus-

149 1144 254 1187 dam
296 1143 526 1194 Parisinis,
568 1143 688 1185 inter
729 1156 843 1199 quos
884 1141 1074 1184 fuerunt
1110 1139 1254 1184 nost-ri
1286 1139 1336 1182 T.
1363 1144 1412 1181 et
1443 1138 1492 1181 F.
1522 1139 1662 1196 (apud

149 1219 401 1263 Morelium
429 1218 539 1262 Par.
566 1238 605 1262 α.
633 1224 681 1261 et
704 1216 818 1260 Par.
844 1217 926 1274 β.>,
953 1222 1159 1260 correct-a
1184 1221 1232 1260 et
1262 1221 1398 1259 aucta
1433 1214 1660 1272 adjunxit.

150 1295 304 1354 Hujus
330 1295 499 1353 quique
525 1294 564 1338 ei
592 1294 699 1336 inde
728 1293 785 1336 ab
814 1293 1022 1336 oratione
1060 1292 1117 1335 de
1154 1291 1267 1335 falsa
1298 1291 1531 1349 legatione
1563 1305 1663 1335 suc-

148 1372 284 1415 cessit
318 1370 532 1413 Lambini
570 1384 708 1427 opera
744 1368 829 1412 etsi
868 1368 953 1410 hoc
991 1367 1212 1411 effectum
1250 1372 1320 1410 est
1355 1372 1409 1409 ut
1445 1367 1663 1411 editionis

148 1446 338 1491 Aldinae
364 1447 475 1489 vitia
506 1445 704 1503 plurima
735 1444 1021 1494 tollerentur,
1059 1443 1149 1487 alia
1184 1449 1341 1486 tamen
1382 1457 1471 1484 non
1517 1457 1663 1500 pauca

148 1523 403 1567 temerariis
443 1521 720 1579 conjecturis
764 1520 834 1563 vel
882 1520 1034 1563 textui
1076 1518 1216 1562 illatis
1251 1517 1323 1561 vel
1365 1517 1412 1560 in
1453 1519 1662 1577 margine

148 1599 308 1657 positis
333 1604 440 1641 sunt
465 1598 726 1655 depravata.
799 1595 969 1653 Neque
994 1595 1176 1639 codices
1205 1608 1260 1638 ea
1290 1609 1380 1651 qua
1415 1594 1661 1652 oportebat

148 1674 388 1733 diligentia
422 1679 530 1718 sunt
554 1673 774 1731 usurpati,
801 1672 881 1715 sed
917 1686 1035 1730 saepe
1072 1670 1269 1730 fugitivo
1307 1675 1488 1713 tantum
1527 1669 1661 1713 oculo

147 1750 411 1808 perlustrati
454 1764 540 1793 nee
581 1764 682 1792 raro
724 1749 960 1806 scripturae
999 1747 1054 1791 iis
1092 1753 1200 1791 sunt
1243 1746 1424 1796 affictae,
1468 1759 1661 1803 quarum

147 1825 327 1869 nullum
355 1827 402 1868 111
427 1826 480 1869 115
508 1825 753 1884 vestigium
780 1825 998 1867 cernitur.

214 1901 393 1945 Eodem
420 1902 518 1945 fere
544 1907 755 1958 tempore
780 1900 827 1942 in
853 1899 1187 1943 Demosthenis
1223 1897 1507 1941 orationibus
1533 1897 1664 1940 seho-

147 1977 312 2036 liisque
340 1976 527 2021 Aldinis
563 1976 864 2020 emendandis
898 1981 1040 2033 atque
1075 1975 1191 2018 adeo
1228 1974 1274 2016 in
1314 1973 1533 2016 Latinum
1571 1986 1664 2015 ser-

147 2069 333 2097 monem
359 2053 689 2096 transferendis
715 2056 966 2109 occupatus
992 2051 1080 2093 fuit
1107 2049 1422 2107 Hieronymus
1443 2046 1662 2091 Wolfius.

147 2129 194 2173 Is
234 2144 378 2187 quum
420 2128 558 2171 nullis
599 2128 784 2185 adjutus
822 2132 942 2170 esset
978 2125 1201 2169 librorum
1241 2123 1662 2181 manuscriptorum

146 2206 363 2264 praesidiis
388 2210 553 2262 praeter
579 2203 747 2247 codicis
781 2208 881 2246 tum
906 2200 1189 2260 Augustani,
1214 2215 1337 2243 nune
1365 2198 1663 2243 Monacensis

148 2278 208 2323 A.
252 2279 426 2323 scholia
474 2278 768 2338 negligenter
814 2282 1049 2335 excerpta,
1093 2275 1199 2320 solis
1246 2275 1444 2319 confisus
1491 2274 1664 2333 ingenii

147 2356 321 2399 viribus
361 2354 716 2397 innumerabilia
753 2353 1032 2411 exemplaris
1067 2350 1229 2395 Aldini
1260 2351 1373 2394 vitia
1406 2350 1479 2394 vel
1516 2350 1664 2400 certis,

148 2446 260 2489 quas
301 2431 482 2474 codices
520 2430 663 2473 nostri
711 2444 804 2472 non
842 2444 943 2472 raro
991 2428 1338 2478 confirmarunt,
1386 2426 1667 2484 conjecturis

148 2507 410 2566 persanavit
438 2505 509 2549 vel
537 2504 814 2548 emendandi
842 2505 961 2547 viam
988 2503 1221 2547 declarato
1249 2502 1496 2545 verborum
1532 2515 1667 2545 sensu

149 2583 367 2627 ostendit.
440 2580 529 2625 His
562 2595 648 2640 ego
692 2580 907 2623 omnibus
950 2579 1199 2638 diligenter
1240 2592 1348 2621 usus
1385 2591 1503 2629 sum,
1536 2577 1668 2620 omisi

150 2674 258 2702 vero
295 2673 396 2715 quae
423 2655 628 2700 Wolfius
654 2655 727 2699 vel
765 2655 879 2699 falsa
903 2655 975 2698 vel
1013 2655 1150 2698 nimis
1186 2652 1510 2712 improbabilia
1545 2657 1669 2695 attu-

150 2734 278 2786 lerat,
300 2733 453 2792 qualia
477 2733 576 2776 fieri
601 2748 691 2776 non
718 2737 901 2790 poterat
926 2732 1037 2790 quin
1063 2745 1186 2789 saepe
1211 2730 1482 2774 exciderent
1506 2728 1669 2772 melio-

151 2810 276 2854 ribus
296 2809 422 2852 libris
440 2809 678 2859 destituto,
701 2807 778 2852 illa
804 2808 1054 2866 praesertim
1076 2812 1226 2857 aetate,
1247 2819 1347 2863 quae
1368 2803 1667 2848 severioribus
