1977 3209
258 102 339 143 xlvi
595 105 967 146 CHAPMANNI
1000 106 1450 147 COMMENTATIO

270 208 416 245 secuta
436 210 511 246 est.
574 205 720 260 Neque
748 222 797 247 ea
825 222 898 246 cur
931 207 1155 260 rejicienda
1185 207 1281 255 sint,
1305 207 1437 247 video.
1499 207 1581 247 Sed
1611 207 1722 247 enim
1750 208 1784 247 si

270 285 414 312 revera
434 287 510 325 pro
539 273 730 326 genuinis
761 274 1035 326 accipiantur,
1059 287 1141 312 non
1173 287 1276 327 opus
1303 274 1428 314 fuerit
1456 279 1504 314 ut
1525 288 1600 314 nos
1628 275 1785 314 diutius

270 337 349 377 illis
370 337 648 388 immoremur,
671 353 765 379 oum
786 339 877 392 ipsa
898 339 1001 378 satis
1023 339 1214 379 clament.

330 405 367 457 ξ.
396 416 455 457 15.
504 405 696 445 Secunda
727 405 793 453 sit,
832 405 964 445 vitam
1003 405 1116 445 illam
1158 406 1452 446 Demosthenis
1492 406 1673 455 brevem,
1716 407 1786 460 qui

272 470 502 511 Plutarcho
538 471 790 519 inscribitur,
826 486 909 511 non
944 472 1014 512 alii
1046 487 1172 526 quam
1203 478 1348 513 nostro
1382 487 1470 512 esse
1504 473 1784 514 tribuendam.

271 537 339 576 En
374 537 508 590 ipsum
543 538 598 578 ad
639 542 745 578 orat.
782 544 892 578 cont.
931 539 1226 580 Timocratem.
1294 541 1592 591 Καλλίστρατος
1627 540 1669 580 δέ
1703 543 1787 580 ἐστι

268 603 404 654 ῥήτωρ,
437 604 480 643 οὓ
514 604 682 653 ζηλωτὴς
714 603 866 655 ἐγένετο
900 606 1170 656 Δημοσθένης.
1232 606 1330 657 Περὶ
1357 607 1400 646 οὗ
1429 606 1504 657 ἔφη
1533 608 1736 656 ἐρωτηθεὶς
1767 608 1786 645 6

272 668 539 719 Δημοσθένης,
570 671 626 711 τίς
657 671 827 720 ἀμείνων
847 670 983 722 ῥήτωρ,
1015 673 1063 712 σὺ
1093 671 1116 721 ἦ
1149 674 1471 723 Καλλίστρατος)
1506 674 1581 724 ἐγὼ
1602 675 1674 723 μὲν
1695 690 1786 724 γρα-

270 738 455 788 φόμενος,
480 740 780 789 Καλλίστρατος
802 741 843 778 δὲ
866 741 1112 789 ἀκουόμενος.
1158 739 1240 780 ‘'‘Hv
1262 743 1335 791 γὰρ
1363 741 1612 782 ἐπιδεικτικὸς
1633 743 1788 793 σφόδρα

270 805 290 842 ὁ
315 806 622 855 Καλλίστρατος.
678 805 804 846 “(.)θεν
836 808 896 847 καὶ
927 809 1095 849 ἀκούσας
1127 808 1242 848 αὐτοῦ
1272 808 1581 857 ἐπιδεικνυμένου
1611 810 1630 847 6
1659 814 1787 859 Δημο-

270 872 422 922 σθένης,
455 875 508 915 εἰς
544 875 746 924 ἐπιθυμίαν
776 875 872 924 ἦλθε
902 877 1046 927 λόγων,
1080 877 1129 917 ὡς
1161 875 1364 927 εἰρήκαμεν
1396 877 1438 914 ἐν
1468 878 1520 928 τῷ
1550 877 1624 930 βιῷ
1657 877 1786 916 αὐτοῦ.

273 938 325 977 W
335 938 468 979 olfius.
521 941 785 981 Callistratus
806 946 940 981 cautem
962 947 1102 982 orator
1112 942 1212 994 fait,
1237 943 1350 993 cajus
1372 943 1601 981 admirator
1628 943 1788 982 eoestitit

202 1010 252 1045 33
269 1005 571 1056 Demosthenes,
605 1008 730 1059 deque
761 1022 804 1048 eo
838 1013 1005 1061 ragjatus
1039 1014 1131 1049 uter
1161 1014 1264 1048 esset
1294 1010 1436 1048 melior
1466 1013 1619 1058 orator,
1652 1010 1787 1060 ipsene

269 1085 322 1110 an
358 1073 658 1113 Callistratus?
699 1075 804 1126 Eyo,
838 1076 980 1126 inquit,
1013 1077 1055 1114 in
1086 1076 1297 1115 scribendo
1314 1094 1326 1121 ;
1363 1076 1626 1115 Callistratus
1653 1077 1697 1114 in
1724 1077 1784 1114 di-

268 1139 405 1179 cendo.
467 1140 648 1179 Zlffaltnm
679 1143 783 1180 enim
814 1143 856 1180 in
888 1142 1152 1181 declamando
1184 1143 1312 1181 valuit
1345 1142 1636 1181 Callistratus.-
1671 1156 1786 1194 quem

267 1219 357 1245 eum
379 1207 671 1246 declamantem
700 1209 867 1248 vidisset
894 1209 1195 1258 Demosthenes,
1219 1209 1452 1260 eloquentice
1480 1209 1714 1260 cupiditate,
1737 1214 1785 1249 ut

267 1272 309 1311 in
341 1273 426 1313 vita
456 1274 544 1327 ejus
573 1274 763 1323 diximus,
787 1279 847 1314 est
878 1275 1168 1327 inflammatas.
1234 1275 1466 1314 Videamus
1495 1289 1603 1314 nunc
1631 1275 1783 1315 Demo-

265 1339 426 1379 sthenis
462 1339 592 1380 vitam
628 1355 720 1394 quae
762 1341 915 1381 dicitur
951 1356 1001 1381 ex
1043 1341 1289 1381 Plutarcho.
1349 1340 1422 1383 (Ως
1458 1343 1498 1380 δὲ
1533 1341 1729 1393 “Ηγησίας
1765 1344 1785 1381 ὁ

267 1406 432 1456 Μάγνης
463 1407 596 1458 φησιν,
622 1408 756 1458 ἐδεήθη
778 1412 845 1447 τοῦ
875 1411 1124 1460 παιδαγωγοῦ
1159 1409 1222 1447 ἵνα
1251 1407 1549 1458 Καλλιστράτου
1567 1406 1784 1458 Ἐμπαίδου

262 1471 495 1523 Ἀφιδναίου
525 1473 682 1524 ῥήτορος
722 1475 877 1524 δοκίμου
916 1475 977 1514 καὶ
1019 1474 1335 1527 ἱππαρχήσαντος
1371 1475 1432 1513 καὶ
1469 1475 1680 1516 ἀναθέντος
1716 1475 1784 1515 τὸν

263 1539 401 1588 βωμὸν
422 1540 471 1593 τῷ
503 1539 625 1595 ξΕρμῇ
657 1541 707 1594 τῷ
742 1542 923 1594 ἀγοραίῳ,
953 1540 1171 1590 μέλλοντος
1194 1543 1236 1580 ἐν
1257 1542 1308 1595 τῷ
1341 1541 1443 1594 δήμῳ
1466 1541 1601 1593 λέγειν
1622 1542 1781 1595 ἀκούσῃ.

263 1603 458 1646 Ἀκούσας
498 1607 539 1645 δὲ
581 1607 743 1657 ἐραστὴς
785 1607 937 1658 ἐγένετο
979 1612 1054 1647 τῶν
1094 1609 1239 1659 λόγων.
1306 1607 1499 1648 ἎῙΟΙΗΗΞ.
1560 1608 1611 1646 Ut
1647 1612 1781 1648 autem

264 1671 464 1722 Heyesias
491 1673 668 1724 Maynes
698 1673 834 1725 refert,
850 1674 1119 1726 poedayoywn
1147 1675 1280 1713 oravit
1302 1679 1345 1713 at
1371 1675 1654 1714 Callistratmn
1679 1675 1781 1714 Em-

256 1738 420 1788 poedmn
459 1739 730 1790 Apliidnceam
767 1740 987 1791 probatam
1028 1744 1231 1780 oratorem
1277 1742 1345 1791 qai
1385 1745 1423 1780 et
1463 1736 1659 1793 nzayist'er
1693 1740 1781 1792 fait

263 1806 454 1855 equitum,
478 1811 517 1845 et
538 1807 749 1846 stIereario
759 1806 928 1860 forensi
948 1820 1064 1846 aram
1086 1807 1303 1857 dedicavit,
1322 1821 1441 1859 qnam
1462 1809 1497 1846 is
1519 1808 1575 1846 ad
1585 1808 1781 1858 populum

263 1872 385 1910 verba
407 1871 602 1923 facturas
640 1878 754 1923 esset,
797 1873 941 1912 audire
976 1875 1141 1912 liceret:
1185 1887 1316 1926 eoque
1351 1873 1497 1914 audito
1533 1873 1779 1927 eloquentiae

262 1951 405 1977 amore
436 1943 578 1990 captas
609 1943 680 1978 est.
742 1940 813 1979 Ad
845 1939 986 1992 priora
1018 1939 1087 1980 illa
1120 1939 1162 1979 in
1197 1940 1428 1980 Oomment.
1462 1940 1517 1980 ad
1551 1939 1777 1981 Timocrat.

263 2003 353 2044 haec
376 2004 576 2045 subnotat
598 2005 657 2044 W
660 2005 792 2045 olfius.
853 2007 1053 2046 Libanins
1081 2011 1119 2046 et
1145 2008 1395 2046 Plutarchus
1421 2007 1652 2046 Callistrati
1679 2008 1779 2047 aeti-

262 2071 351 2110 onis
388 2071 548 2123 Oropioe
578 2074 815 2112 mentionem
836 2073 1017 2124 faciant.
1082 2075 1166 2113 Sed
1195 2075 1512 2125 comparationis
1549 2074 1780 2113 Callistrati

261 2141 301 2176 et
321 2138 604 2177 Demosthenis
631 2153 708 2178 non
729 2141 1007 2179 memma-emt.
1069 2141 1226 2179 Forsan
1248 2145 1285 2179 et
1313 2139 1520 2192 Ulpianus
1540 2140 1777 2179 Demosthe-

261 2205 325 2243 nis
345 2206 471 2244 vitam
493 2207 719 2257 descripsit.
776 2207 905 2258 (Dum
927 2207 1202 2247 Plutarchum
1224 2208 1369 2248 laudat
1394 2207 1590 2254 &Volfiuffi
1610 2206 1776 2260 prolixi-

261 2284 376 2309 orem
417 2275 458 2310 et
498 2271 747 2312 limatiorem
790 2273 1084 2313 Demosthenis
1122 2273 1264 2323 vitam,
1299 2273 1368 2326 qui
1405 2277 1518 2312 certe
1559 2272 1776 2313 Plutarchi

261 2336 387 2377 foetus
410 2343 485 2386 est,
509 2338 656 2387 innuit,
680 2340 733 2379 ab
756 2340 833 2380 hac
864 2340 978 2380 brevi
1001 2341 1051 2380 de
1083 2355 1165 2393 qua
1193 2340 1356 2394 agimus
1386 2339 1507 2393 longe
1536 2339 1771 2393 diversam.)

263 2403 421 2443 Mirum
442 2405 629 2456 profecto
661 2410 726 2446 est
752 2406 810 2445 W
814 2407 954 2447 olfium
985 2421 1079 2446 cum
1100 2407 1188 2446 haec
1217 2406 1419 2446 scriberet
1440 2406 1596 2445 nullam
1624 2406 1774 2445 vidisse

259 2469 369 2510 inter
400 2475 687 2511 enarratorem
715 2477 758 2512 et
787 2475 1010 2524 βιόγραφον
1035 2473 1358 2519 similitudinem,
1392 2486 1530 2525 quum,
1563 2476 1611 2511 ut
1641 2471 1772 2521 aiunt,

258 2551 381 2576 ovum
403 2551 478 2577 ovo
501 2551 583 2576 non
611 2542 675 2578 est
706 2538 891 2586 similius,
915 2553 1040 2592 quam
1072 2540 1239 2580 ἀκούσας
1268 2539 1383 2578 αὐτοῦ
1416 2538 1724 2587 ἐπιδεικνυμένου
1753 2541 1773 2578 ὁ

259 2603 515 2653 Δημοσθένης
546 2606 599 2646 εἰς
628 2606 833 2655 ἐπιθυμίαν
860 2605 957 2655 ἦλθε
978 2607 1120 2657 λόγων,
1143 2605 1221 2644 illis
1244 2606 1410 2647 ἀκούσας
1439 2607 1479 2644 δὲ
1502 2605 1665 2655 ἐραστὴς
1689 2605 1772 2656 ἐγέ-

257 2687 343 2711 νετο
373 2675 450 2710 τῶν
480 2672 624 2722 λόγων.
688 2672 778 2712 Ista
807 2686 884 2721 me,
917 2673 1065 2721 fateor,
1102 2672 1349 2726 (praesertim
1380 2687 1473 2712 cum
1502 2672 1611 2712 hane
1642 2672 1772 2713 vitam

257 2737 553 2777 Demosthenis
586 2737 733 2778 incerti
757 2753 845 2778 esse
871 2739 1055 2779 auctoris
1083 2744 1125 2779 et
1158 2739 1385 2779 Plutarcho
1406 2744 1562 2779 temere
1585 2739 1771 2792 falsoque

256 2804 502 2858 inscriptam
529 2805 794 2846 consentiant
824 2821 940 2859 paene
968 2806 1121 2846 eruditi
1152 2808 1314 2857 omnes)
1345 2806 1519 2847 eandem
1547 2806 1770 2859 utrobique
