1977 3209
709 137 788 177 DE
823 137 1109 178 ULPIANO.
1550 153 1661 179 xxxv

155 240 347 280 secundo.
410 240 553 280 Unam
584 242 874 281 tantummodo
905 242 1252 295 significationem
1284 242 1529 296 possedisse,
1552 257 1606 282 so.
1639 245 1659 282 ὁ

153 307 204 355 μὴ
235 307 439 349 ἀποδιδοὺς
469 310 516 346 τὰ
546 306 655 359 χρέα.
720 308 949 348 Videamus
970 309 1098 363 igitur
1126 309 1225 362 quid
1255 309 1488 362 antiquitus
1510 309 1661 363 signifi-

156 372 281 412 cahat
301 374 501 424 ἀγνώμων.
566 373 839 427 Significabat
868 376 979 429 apud
1005 380 1165 416 veteres
1197 375 1363 429 quidem
1392 377 1566 427 iniquus,
1588 377 1662 415 im-

146 439 314 489 probus,
336 441 480 489 malas,
502 439 663 491 infidus2
686 440 920 491 iificicctor;
953 442 1048 481 hinc
1078 443 1321 493 ἀγνωμονεῖν
1342 443 1531 493 improbe,
1554 444 1664 481 mala

145 504 233 555 fide
263 519 395 557 ayere,
420 507 636 556 ἀπομνύναι
667 510 709 546 et
740 508 984 558 ἀποστερεῖν,
1017 509 1241 559 depositum
1270 522 1349 548 non
1378 509 1561 558 reddere,
1587 509 1663 549 &a

156 570 374 611 Videndus
396 576 460 612 est
482 572 675 620 Budaeus,
700 572 769 625 qui
791 573 879 613 haec
901 573 1052 621 omnia,
1075 579 1122 614 ut
1144 575 1261 623 solet,
1284 576 1373 614 fuse
1404 579 1447 614 et
1470 579 1665 614 accurate

154 637 434 691 persequitur.
498 638 610 677 Nihil
639 639 789 678 horum
820 639 964 692 itaque
995 640 1123 680 voluit
1154 645 1385 690 enarrator,
1409 655 1536 695 quum
1566 641 1667 680 nihil

155 709 265 745 esset
295 704 402 753 novi,
432 704 535 744 nihil
568 704 789 745 interesset
822 705 932 746 inter
967 720 1042 746 sua
1073 711 1115 746 et
1138 707 1432 747 Demosthenis
1463 712 1665 761 tempora.

157 771 267 822 Quid
287 771 416 825 igitur
433 773 444 811 ἕ
468 772 611 825 Longe
632 772 744 811 aliud
766 772 965 825 profecto,
984 787 1126 812 rarum
1146 773 1371 812 admodum
1387 778 1430 813 et
1447 773 1666 826 peculiare,

155 851 231 877 nec
252 837 330 877 nisi
353 837 514 877 saeculis
534 838 836 890 posterioribus
857 843 1029 884 notum,
1054 853 1200 891 nempe
1221 840 1392 879 verbum
1409 839 1526 893 juris,
1548 839 1668 879 stric-

156 903 255 943 tiori
276 918 399 943 sensu
421 904 651 952 definitum,
675 919 756 957 quo
779 904 847 958 qui
878 919 921 944 se
944 905 1117 958 dignum
1139 905 1402 954 reddidisset,
1425 906 1480 945 ad
1506 905 1669 959 judices

156 970 415 1023 rapiebatur,
453 970 614 1009 crimini
650 985 868 1023 poenaeque
904 970 1120 1010 obnoxius.
1183 971 1236 1010 Id
1266 986 1342 1011 nos
1373 972 1491 1011 unice
1517 972 1670 1011 docent

157 1035 316 1075 Glossae
349 1035 533 1074 Nomicae
568 1035 705 1075 Caroli
736 1035 920 1075 Labbaei.
986 1036 1070 1076 Ubi
1103 1036 1189 1076 haec
1222 1042 1320 1076 sunt
1347 1037 1388 1076 iu
1412 1038 1466 1076 V.
1496 1037 1667 1089 Ἀγωγή·

153 1100 313 1152 Ἀγωγὴ
334 1101 494 1152 λέγεται
515 1102 538 1151 ἡ
561 1102 710 1151 κίνησις
731 1105 795 1151 τῆς
818 1101 1052 1150 ὑποθέσεως,
1076 1102 1152 1142 ἀπὸ
1183 1107 1250 1143 τοῦ
1282 1104 1393 1155 ἄγειν
1413 1104 1502 1145 τοὺς
1521 1103 1670 1155 Ἀγνώ-

153 1184 275 1217 μονας
297 1169 349 1209 εἰς
369 1167 412 1206 τὸ
435 1167 695 1218 δικαστήριον.
750 1168 921 1208 Iterum.
953 1167 1112 1220 Ἀγωγή
1135 1171 1218 1209 ἐστι
1239 1170 1386 1209 δίκαιον
1407 1173 1473 1209 τοῦ
1495 1171 1671 1209 ἀπαιτεῖν

154 1235 197 1273 ἐν
225 1235 454 1287 δικαστηρίῳ
488 1233 531 1272 τὸ
566 1234 658 1273 ὅθεν
686 1233 828 1283 δήποτε
863 1236 1198 1287 χρεωστούμενον.
1261 1238 1418 1286 Εἴρηται
1449 1237 1488 1275 δὲ
1511 1235 1670 1287 Ἀγωγὴ

154 1302 259 1350 παρὰ
279 1303 346 1338 τοῦ
378 1301 489 1351 ἄγειν
510 1299 596 1341 τοὺς
620 1301 848 1351 ἀγνώμονος
879 1303 933 1343 εἰς
962 1301 1006 1340 τὸ
1037 1301 1282 1353 δικαστήριον
1296 1301 1328 1341 b.
1392 1302 1474 1341 Hic
1496 1301 1670 1355 diligen-

154 1365 314 1405 tissime
338 1366 570 1406 notandum
591 1366 721 1414 venit,
743 1367 994 1420 respondere
1025 1367 1068 1406 τὸ
1099 1369 1419 1419 χρεωστούμενον
1449 1368 1491 1407 in
1520 1367 1669 1421 glossis
1686 1379 1731 1416 17

154 1431 327 1471 nomieis
357 1435 408 1485 τῷ
440 1434 487 1472 τὰ
517 1431 616 1484 χρέα
646 1432 759 1485 apud
791 1437 994 1481 nostrum,
1018 1438 1061 1473 et
1082 1434 1220 1473 vocari
1241 1448 1312 1474 eos
1334 1434 1419 1476 τοὺς
1440 1435 1669 1486 ἀγνώμονας

155 1499 225 1552 qui
247 1499 350 1538 illud
370 1500 694 1550 χρεωστούμενον
715 1513 798 1538 non
819 1499 1109 1548 reddiderunt,
1126 1500 1152 1540 i.
1170 1515 1205 1540 e.
1223 1501 1311 1542 τοὺς
1330 1501 1381 1551 μὴ
1403 1502 1667 1549 ἀποδιδόντας,

154 1570 201 1606 ut
223 1565 323 1606 dicit
345 1569 501 1605 noster.
566 1565 745 1605 Frustra
775 1565 917 1618 itaque
945 1570 1010 1606 est
1034 1566 1093 1605 W
1096 1567 1216 1606 olfius
1247 1567 1317 1620 qui
1347 1566 1565 1621 subjungit
1595 1569 1670 1607 Ιιοο

152 1634 213 1669 est
233 1631 431 1683 inyratos,
454 1644 551 1670 nam
582 1632 771 1682 inmotus
800 1631 1035 1684 antiquitus
1065 1632 1193 1672 etiam
1223 1632 1265 1672 τὸ
1295 1633 1484 1684 ἀγνώμων
1513 1632 1670 1687 signifi-

154 1697 290 1745 cahat,
321 1711 453 1750 neque
487 1701 634 1737 contra
668 1699 854 1750 inyratos
885 1699 998 1738 actio
1026 1713 1210 1752 unquam
1238 1699 1344 1753 juris
1376 1700 1643 1753 competebat
1654 1717 1666 1749 ,-

154 1778 395 1817 quanquam
427 1764 469 1802 in
503 1777 551 1803 eo
579 1778 679 1804 sane
714 1765 975 1804 excusandus
1006 1770 1070 1806 est
1103 1780 1233 1816 error,
1269 1766 1464 1820 quoniam
1497 1766 1669 1807 Labbaei

152 1829 312 1884 glossas
343 1830 528 1869 nondum
561 1830 735 1870 viderat.
798 1830 958 1871 Glossae
988 1836 1130 1872 autem
1158 1832 1222 1872 hae
1257 1833 1428 1873 nomicae
1455 1833 1511 1873 ad
1540 1833 1667 1873 libros

155 1901 377 1936 Βασιλικῶν
398 1902 607 1950 spectant,
637 1896 678 1936 id
710 1896 855 1950 utique
886 1903 1070 1951 agentes,
1102 1902 1149 1938 ut
1171 1898 1200 1938 J
1204 1899 1291 1938 uris
1321 1899 1667 1940 Graeco-Romani

156 1962 375 2002 Vocabula
415 1962 646 2003 difficiliora
685 1967 728 2003 et
769 1963 1010 2004 obscuriora
1055 1964 1233 2004 dilucide
1272 1965 1665 2018 interpretarentur.

156 2029 226 2069 Ita
258 2028 403 2068 scribit
436 2028 524 2081 ipse
557 2028 763 2068 Labbaeus
800 2028 842 2067 in
875 2029 1051 2082 epistola
1080 2031 1135 2070 ad
1163 2032 1406 2084 Augustum
1429 2031 1664 2072 Thuanum.

161 2097 323 2135 Veteres
331 2095 622 2146 jurisconsulti
648 2095 781 2134 Graeci
809 2099 866 2134 tot
885 2097 1042 2147 glossas
1061 2097 1145 2136 sive
1164 2095 1386 2146 Ῥωμαϊκῶν
1406 2097 1553 2147 λέξεων
1574 2115 1665 2139 συν-

153 2163 309 2214 αγωγὰς
329 2162 386 2200 ad
404 2162 761 2212 imper-atomorum
783 2163 1113 2202 constitutionum
1131 2163 1184 2201 iis
1204 2162 1448 2214 referta'rum
1468 2166 1664 2216 interpre-

153 2229 347 2267 tationem
367 2231 406 2266 εἰ
426 2228 556 2279 Zeyum
571 2229 850 2267 Romanarum
870 2230 1181 2281 intelliyentiam
1199 2231 1277 2269 sibi
1289 2236 1559 2282 paraverunt,
1578 2246 1663 2283 quoe

153 2294 313 2345 quidem
339 2295 416 2333 huc
442 2307 566 2345 usque
591 2296 769 2334 maoeimo
791 2295 1064 2335 studiosorum
1085 2296 1232 2335 dawmo
1252 2298 1295 2336 in
1315 2298 1663 2338 Bibliothecarum

145 2362 314 2411 pulvere
339 2362 503 2412 sepultae
518 2362 755 2412 jacuerunt,
776 2363 953 2413 sepultae,
975 2363 1152 2414 inquam,
1174 2364 1342 2415 inteyroe
1359 2362 1544 2414 fuerunt,
1558 2378 1662 2415 par-

152 2428 300 2466 ticulas
330 2428 435 2466 enim
465 2429 626 2479 aliquas
656 2433 847 2468 eruerant
877 2429 1117 2480 amplissimi
1147 2429 1449 2482 doctissimique
1471 2432 1565 2480 viri,
1588 2431 1662 2470 Al-

153 2493 302 2542 ciatuS,
321 2493 526 2546 Cujacius,
545 2493 792 2543 Brissofflus,
812 2494 984 2545 Pithoei,
1007 2495 1232 2536 Fornerius
1249 2512 1256 2536 :
1289 2510 1394 2536 nunc
1414 2510 1507 2536 vero
1529 2511 1662 2537 omnes

199 2602 218 2625 b
244 2602 297 2635 Ex
330 2602 384 2635 his
419 2602 561 2636 Labbaei
587 2602 723 2637 Glossis
757 2603 1018 2638 emendandum
1048 2610 1100 2638 est
1133 2604 1270 2649 egregie
1302 2605 1511 2639 nobilissimi
1537 2605 1662 2650 Cangii

158 2658 370 2691 Glossarium
394 2658 509 2691 mediae
538 2662 571 2691 et
599 2659 719 2702 infima„²
749 2659 948 2692 Graecitatis
974 2671 1006 2694 v.
1029 2659 1176 2705 Ἀγωγὴ.
1228 2661 1300 2695 Ubi
1326 2661 1401 2695 haec
1431 2663 1596 2706 leguntur
1625 2662 1660 2694 in

154 2714 265 2748 editis.
313 2713 459 2759 Ἀγωγὴ,
478 2715 579 2755 actio,
598 2714 616 2757 ἡ
643 2715 771 2758 κίνησις
795 2717 854 2758 τῆς
881 2715 1076 2750 ὑποθέσεως
1100 2717 1191 2760 παρὰ
1215 2717 1253 2750 τὸ
1270 2717 1358 2761 (pot.
1376 2718 1450 2761 τοῦ)
1467 2718 1560 2762 ι’ίγειν
1584 2718 1661 2752 τοὺς·

154 2769 337 2815 ἀγομένους
354 2770 399 2805 εἷς
415 2771 454 2804 τὸ
471 2770 699 2814 δικαστήριον.
735 2771 852 2805 Gloss.
872 2771 979 2805 Basil.
1008 2772 1200 2817 Utcunque
1218 2784 1257 2807 ea
1273 2775 1328 2808 vel
1345 2774 1513 2808 intellexit
1531 2774 1583 2807 vel
1600 2772 1659 2806 de-

156 2826 292 2870 scripsit
311 2825 477 2870 Cangius,
494 2825 683 2870 legendum
700 2833 752 2861 est
769 2827 914 2862 omnino
930 2828 1007 2862 τοὺς
1022 2827 1225 2872 ἀγνώμονας.

866 2887 887 2913 C
913 2885 935 2914 2
