1977 3209
323 119 448 159 xxxvi
640 118 1009 160 OHAPMANNI
1043 118 1490 159 COMMENTATIO

324 237 425 276 quas
445 225 627 263 nancisci
639 225 773 275 potui,
796 238 819 262 a
841 237 902 262 me
930 224 1104 262 collectce
1132 227 1170 262 et
1200 224 1243 262 in
1272 237 1395 262 unum
1423 236 1568 274 corpus
1586 224 1764 262 redacta·
1785 236 1834 262 ac

324 292 558 330 emaculatae
580 291 785 342 prodeunt
816 291 859 328 in
893 290 1019 328 lucem
1039 290 1332 341 Auqustissimi
1356 291 1528 329 nominis
1559 290 1619 328 tui
1648 289 1833 340 splendo-

323 371 409 396 rem
438 361 651 396 mutantes.
714 356 778 395 De
808 356 956 394 iisdem
986 369 1119 408 nuper
1141 355 1361 395 Fabricius
1383 355 1583 396 Biblioth.
1607 355 1740 395 Graec.
1761 355 1832 394 lib.

324 423 377 463 iv.
409 438 498 477 cap.
516 426 584 476 36.
615 424 652 474 ξ.
672 436 707 464 2.
761 422 966 461 Vocabula
990 420 1179 472 forensia
1202 422 1317 473 juris
1351 423 1485 462 Attici
1519 423 1666 461 veteris
1692 425 1834 472 petere

323 492 418 530 licet
437 505 487 530 eoe
507 490 837 541 Harpocratione
867 493 905 528 et
935 489 1115 527 virorum
1146 489 1354 528 doctorum
1380 490 1424 527 in
1450 489 1564 527 illum
1592 491 1832 527 commenta-

321 557 399 596 riis
517 560 601 595 tum
635 570 685 594 ea'
723 557 911 595 Gulielmi
944 556 1088 594 Bmloez·
1125 556 1432 594 Commentariis
1465 555 1635 606 Linyuce
1669 555 1833 593 Groecae.

321 625 382 662 At
411 625 453 662 in
485 623 788 662 constitutiones
818 623 1120 673 imperatorum,
1143 635 1229 672 quse
1254 621 1528 661 Basilicorum
1559 622 1675 660 libris
1706 621 1833 659 conti-

320 694 468 728 nentur
488 693 526 727 et
546 690 589 726 in
609 690 692 727 alia
714 693 968 727 monumenta
982 689 1096 739 juris
1121 689 1471 737 Grceco-Romani,
1493 687 1694 742 glossaria
1714 687 1833 726 caria

321 770 372 795 em
393 756 596 795 codicibus
618 756 750 794 MSS.
772 756 881 806 reglis
905 756 1050 793 Gallia>
1072 756 1286 805 descripsit
1316 759 1355 793 et
1385 756 1442 793 ad
1470 756 1619 794 calcem
1647 755 1833 793 observa-

261 827 307 861 18
322 824 473 861 tionum
501 826 621 871 atque
648 822 969 860 emendationzmi
990 823 1033 860 in
1055 822 1258 872 Synopsin
1279 822 1489 860 Basilicon
1510 822 1639 860 edidit
1660 820 1833 861 Carolus

324 888 529 928 Labbaeus
553 887 685 927 Paris.
713 889 831 927 1606.
892 888 1052 925 Eadem
1072 888 1253 938 sabjecta
1283 888 1426 926 deinde
1454 888 1577 926 etiam
1606 890 1701 925 sunt
1726 887 1817 938 ,qlos

319 956 444 994 sariis
463 954 796 993 Latino-Graecis
817 958 855 993 et
881 954 1209 993 Grceco-Latinis
1230 953 1383 1007 Cyrilli,
1407 953 1641 1002 Philoxeni,
1662 958 1706 992 et
1733 951 1834 992 alio-

320 1035 424 1068 rum,
462 1034 547 1072 quae
579 1025 676 1071 post
710 1021 934 1061 Henricum
971 1021 1220 1071 Stephanum
1256 1021 1370 1072 Ionye
1405 1021 1592 1060 auctiora
1626 1019 1835 1070 mayisque

321 1088 479 1140 diyesta
510 1091 548 1126 et
579 1087 791 1126 emendata
819 1101 869 1126 eoe
892 1086 1064 1126 Labbaei
1087 1087 1263 1138 ejusdem
1287 1087 1517 1126 recensione
1547 1086 1737 1125 habemus
1767 1098 1834 1124 eoe-

322 1167 418 1193 cusa
440 1155 621 1193 Parisiis
647 1155 766 1205 1679.
789 1153 856 1193 fol.
900 1153 997 1192 Huc
1018 1167 1148 1205 usque
1173 1152 1393 1193 Fabricius
1415 1153 1495 1192 Vir
1517 1151 1833 1192 Ornatissimus.

323 1220 545 1259 Sciendum
572 1233 698 1272 porro
729 1223 793 1257 est
822 1218 951 1257 libros
973 1221 1196 1257 Βασιλικῶυ
1216 1233 1241 1257 a
1263 1217 1417 1258 Basilio
1441 1218 1674 1257 Macedone
1695 1217 1834 1256 incho-

320 1290 430 1334 atos,
450 1301 476 1326 a
500 1286 638 1325 Leone
659 1284 831 1324 tandem
862 1284 1051 1338 sapiente
1082 1285 1171 1337 ejus
1201 1284 1288 1324 filio
1321 1285 1535 1325 absolutos
1566 1283 1694 1323 fuisse
1726 1283 1836 1325 circa

269 1357 272 1358 ⁷
322 1353 377 1392 A.
395 1352 439 1393 C.
464 1353 559 1392 886.
622 1352 690 1391 Ita
711 1356 895 1391 testatur
925 1356 1022 1404 post
1048 1351 1245 1404 antiquos
1276 1356 1319 1392 et
1348 1351 1603 1392 recentiores
1633 1350 1834 1404 plurimos

321 1419 351 1458 J
355 1419 533 1471 osephus
571 1418 710 1457 Maria
751 1417 968 1457 Suaresius
1007 1418 1050 1456 in
1091 1418 1409 1458 accuratissima
1450 1433 1525 1458 sua
1561 1417 1836 1458 Basilicorum

321 1486 474 1526 notitia
501 1486 554 1525 ad
577 1485 798 1524 Urbanum
821 1484 950 1523 VIII.
975 1484 1133 1523 Pontis.
1159 1485 1276 1524 Max.
1299 1485 1418 1523 Libri
1441 1488 1662 1524 Βασιλικῶυ
1691 1485 1734 1523 in
1763 1498 1836 1524 sea*

322 1554 438 1604 τεύχη
469 1566 538 1591 seu
567 1552 769 1591 columina
801 1552 985 1590 distincti
1015 1555 1110 1590 sunt
1139 1552 1309 1602 indeque
1341 1552 1441 1590 dicti
1473 1550 1701 1601 ἑξάβιβλος,
1724 1555 1763 1590 et
1792 1552 1836 1590 in

322 1619 447 1658 libros
467 1619 681 1670 seraphim
703 1618 911 1667 subdicisi,
933 1618 1103 1668 indeque
1126 1617 1456 1667 ἑξηκοντάβιβλος
1476 1619 1713 1669 nuncupati.
1754 1619 1836 1657 Im-

314 1690 488 1736 perator
508 1684 686 1724 Basilius
710 1684 888 1723 Macedo
916 1683 1075 1737 primus
1096 1685 1180 1723 illis
1210 1698 1373 1723 manum
1404 1684 1595 1733 admovit,
1616 1688 1662 1723 ut
1687 1685 1833 1724 Cedre-

323 1766 398 1791 nus
428 1753 600 1797 asserit;
633 1751 798 1801 ideoque
819 1751 901 1789 Leo
926 1751 1084 1801 Sophus
1115 1751 1243 1789 eidem
1273 1752 1431 1790 Basilio
1454 1751 1578 1790 Patri
1608 1764 1679 1790 suo
1711 1751 1836 1791 libros

323 1820 440 1858 hosce
476 1819 631 1866 tribuit,
667 1817 840 1856 Novella
874 1816 1098 1855 LXXXI.
1137 1821 1236 1856 teste
1276 1817 1440 1868 Cujacio
1463 1831 1552 1870 cap.
1573 1830 1642 1870 31.
1670 1817 1741 1857 lib.
1770 1828 1834 1871 17.

329 1886 536 1924 Observat.
588 1885 715 1923 Jure's.
768 1884 827 1922 Et
849 1884 1036 1934 plerique
1057 1883 1261 1922 Basiliam
1286 1887 1504 1933 βασιλικῶν
1525 1888 1730 1923 auctorem
1751 1898 1837 1924 esse

323 1953 595 2001 crediderunt,
623 1953 666 1989 in
696 1951 837 2001 quibus
859 1949 946 2001 fuit
977 1954 1015 1989 et
1045 1950 1290 1989 Franciscus
1320 1951 1563 1989 Balduinus.
1623 1949 1682 1989 Et
1712 1951 1836 2003 paulo

324 2018 444 2058 infra.
507 2018 592 2057 Leo
627 2017 897 2070 philosophus
928 2017 1086 2055 Basilio
1119 2017 1243 2055 Patri
1277 2017 1493 2055 succedens
1523 2017 1756 2056 inchoatum
1785 2018 1836 2057 ab

324 2086 460 2124 eodem
481 2085 639 2123 Basilio
663 2082 887 2132 Διατάξεωυ
904 2087 1124 2122 Βασιλικῶυ
1143 2084 1325 2122 volumen
1338 2082 1525 2134 perfecit,
1547 2084 1608 2122 uti
1633 2084 1837 2124 Cedrenus

325 2152 485 2199 asserit,
507 2163 706 2200 operaque
728 2150 904 2188 sabbatii
921 2150 1251 2200 protospatharii
1275 2150 1354 2200 (uti
1375 2149 1601 2188 Matthaeus
1620 2150 1837 2190 Blastares

325 2217 468 2265 tradit,
505 2230 555 2254 eoe
590 2229 710 2267 eoque
745 2216 949 2253 Antonius
984 2215 1239 2265 Auyustinus
1274 2215 1317 2253 in
1352 2215 1607 2254 Bibliotheca
1643 2216 1746 2256 libro
1787 2218 1836 2257 de

318 2296 461 2333 propr.
484 2282 648 2320 Nomin.
672 2280 724 2320 π’.
760 2286 798 2320 et
828 2283 870 2319 in
899 2281 1199 2332 προλεγομένοις
1230 2281 1286 2320 ad
1304 2281 1516 2330 Nocellas)
1542 2284 1834 2335 proiiiiilyavit.

439 2350 559 2387 Anno
596 2362 620 2386 a
660 2348 839 2398 Vir-,qinis
867 2352 996 2398 partu
1029 2348 1194 2386 circiter
1222 2348 1316 2386 886.
1350 2361 1374 2386 a
1406 2348 1539 2387 Leone
1575 2350 1836 2390 concinnatos

315 2414 449 2465 fuisse
483 2414 757 2452 Basilicorum
797 2414 920 2452 libros
958 2413 1139 2453 Michael
1175 2413 1350 2461 Pseffim,
1390 2413 1571 2454 Michael
1608 2415 1833 2463 Attaliota,

329 2479 680 2532 Harmenopulus‚
714 2478 951 2527 Balsainon,
990 2478 1213 2526 Blastares,
1251 2484 1294 2518 et
1330 2479 1522 2532 Cujacius
1557 2494 1708 2520 summo
1745 2496 1835 2523 con-

326 2560 445 2585 sensu
474 2550 687 2585 testantur.
741 2546 848 2584 Haec
880 2545 1111 2584 Suaresius.
1173 2545 1255 2585 Sed
1285 2545 1394 2585 enim
1420 2546 1605 2600 quisquis
1634 2549 1836 2590 vocabula

330 2612 503 2652 Nomica
539 2627 590 2651 ex
623 2611 686 2650 his
720 2611 836 2651 libris
868 2615 1088 2651 Βασιλικῶυ
1115 2612 1402 2665 desumpserit,
1425 2627 1556 2667 eaque
1592 2614 1760 2668 proprie
1792 2619 1835 2655 et

270 2691 315 2728 19
329 2678 604 2719 communiter
624 2679 783 2718 usitata
803 2678 914 2730 apud
936 2692 1031 2716 suos
1050 2679 1176 2718 fuisse
1198 2679 1352 2719 dixerit
1371 2680 1503 2732 (quod
1522 2685 1622 2720 ante
1642 2685 1836 2734 tempora

329 2749 549 2786 Βασιλικῶυ
580 2745 658 2784 diei
691 2759 772 2784 non
808 2744 964 2797 potuit)
1000 2744 1195 2784 saeculum
1230 2745 1434 2785 decimum
1466 2760 1576 2799 aegre
1608 2747 1835 2787 admodum

329 2812 597 2866 superaverit.
