1977 3209
231 1006 243 1029 1

606 455 655 514 1.
716 454 1437 516 CHAPMANNI

381 655 1019 709 COMMENTATIO
1068 658 1178 710 DE
1227 656 1596 711 ULPIANO
1616 660 1659 701 t.

321 988 470 1027 ANNI
500 990 588 1042 jam
621 989 749 1043 elapsi
783 993 881 1028 sunt
915 989 1081 1028 ducenti
1118 988 1284 1028 circiter
1314 993 1357 1028 et
1388 988 1576 1042 triginta,
1607 1002 1658 1027 ex
1695 1002 1777 1040 quo

263 1055 442 1108 primum
464 1056 505 1095 in
533 1057 667 1095 lucem
697 1056 888 1110 prodiere
917 1057 993 1095 sub
1019 1056 1115 1095 Aldi
1148 1055 1258 1095 curis
1281 1060 1321 1095 et
1344 1055 1538 1109 auspiciis
1561 1055 1777 1095 Commen-

263 1122 361 1162 tarii
384 1122 426 1162 in
449 1123 746 1164 Demosthenis
768 1124 979 1164 orationes
1002 1124 1233 1163 octodecim
1256 1123 1428 1177 Ulpiani
1450 1137 1600 1162 nomen
1631 1123 1776 1175 priese-

262 1194 416 1230 rentes.
477 1192 543 1230 Ex
574 1206 635 1240 co,
658 1192 761 1232 alios
791 1196 919 1244 atque
948 1191 1051 1231 alios
1078 1191 1260 1230 editores
1292 1205 1340 1230 ac
1371 1196 1573 1244 patronos
1601 1189 1776 1229 subinde

263 1257 375 1296 nacti
412 1272 606 1312 magnam
640 1258 717 1298 sibi
753 1259 808 1298 ad
844 1258 1091 1297 hodiernum
1123 1273 1252 1311 usque
1289 1257 1398 1297 diem
1438 1257 1550 1310 apud
1591 1256 1777 1296 eruditos

263 1323 416 1363 famam
453 1330 494 1364 et
528 1325 826 1365 auctoritatem
857 1324 1142 1365 obtinuerunt.
1207 1324 1375 1364 Interea
1406 1330 1562 1372 tamen,
1589 1324 1776 1377 quamvis

265 1390 449 1444 Ulpiano
490 1407 632 1432 eorum
681 1392 880 1446 pleraque
923 1391 1172 1439 tribuerent,
1214 1390 1412 1430 nonnulla.
1462 1389 1776 1443 interpolatoris

264 1471 432 1498 manum
463 1459 686 1499 referentia
721 1459 839 1499 facile
866 1458 1256 1499 animadverterunt
1282 1457 1440 1503 critici3
1475 1457 1517 1496 id
1548 1457 1693 1510 utiquc
1724 1472 1776 1497 ex

265 1525 432 1574 voculis,
449 1525 624 1574 ”Αλλως,
650 1527 711 1565 ἐπὶ
743 1525 786 1564 τὸ
813 1526 918 1573 αὐτὸ,
942 1530 984 1565 01
1007 1524 1207 1565 similibus
1235 1525 1325 1564 luce
1356 1523 1507 1564 clarius
1536 1525 1775 1564 constabat.

266 1591 347 1631 His
373 1606 469 1632 vero
502 1592 782 1640 exulantibus,
819 1596 973 1632 caetera
1006 1607 1081 1645 pro
1118 1591 1299 1646 genuino
1335 1591 1516 1632 rhetoris
1552 1592 1657 1632 foetu
1691 1606 1776 1631 am-

263 1658 580 1711 plectebantur3
615 1664 690 1699 aut
713 1660 745 1699 si
778 1660 968 1713 quaedam
1001 1660 1118 1713 quasi
1150 1659 1286 1698 minus
1314 1659 1487 1712 pulchra
1518 1664 1776 1712 respuerent,

262 1725 330 1764 vix
363 1726 445 1764 ullo
482 1731 624 1766 tamen
657 1727 733 1766 1100
767 1731 839 1766 aut
875 1741 926 1765 110
951 1726 1018 1766 vix
1054 1726 1222 1780 quidem
1256 1730 1504 1779 argumento
1537 1725 1645 1766 fulti.
1708 1726 1777 1765 Ita

264 1791 392 1845 igitur
414 1806 478 1831 103
499 1802 605 1841 erat,
628 1798 755 1846 atque
778 1793 1007 1833 etiamnum
1029 1799 1107 1833 031.
1151 1793 1308 1846 Aliqua
1330 1793 1423 1832 hinc
1446 1793 1541 1833 inde
1563 1808 1637 1846 per
1658 1808 1776 1833 enar-

262 1864 447 1898 ratorem
470 1864 659 1899 nostrum
680 1860 991 1914 reprehendunt
1009 1860 1293 1909 Casanbonus,
1311 1860 1520 1907 Valesius
1539 1860 1620 1909 alii,
1637 1861 1776 1901 obiter

263 1933 305 1965 et
327 1925 555 1965 desultorie
573 1943 583 1972 ς
617 1927 672 1966 ad
693 1927 859 1980 plenum
881 1942 978 1967 vero
1000 1932 1041 1967 et
1062 1928 1299 1967 accuratius
1322 1942 1496 1968 examen
1528 1942 1648 1967 nemo
1680 1928 1776 1967 hac-

262 1997 383 2032 tenus
405 2008 510 2041 011111,
536 1994 646 2047 qnod
677 1995 815 2043 sciam‚
843 2009 894 2034 110
926 1994 1178 2034 clarissimus
1211 1994 1378 2048 quidem
1411 1994 1632 2035 Fabricius
1663 2009 1777 2034 revo-

263 2060 386 2100 cavit.
448 2060 593 2101 Liceat
616 2061 758 2114 itaque
786 2061 886 2100 mihi
917 2062 1094 2114 paucula
1121 2062 1325 2114 qutedam„
1350 2076 1442 2115 quae
1465 2061 1777 2101 commentariis

263 2126 377 2166 hisce
412 2128 536 2180 paulo
573 2128 810 2181 diligentius
846 2128 1030 2168 excussis
1067 2129 1399 2177 observaveram,
1427 2129 1594 2168 erudito
1630 2128 1775 2168 lectori

264 2194 537 2246 expendenda
559 2195 774 2247 subjicere.

324 2261 361 2312 ξ.
386 2274 414 2299 1.
440 2260 582 2299 Primo
603 2261 732 2315 igitur
753 2260 1066 2313 disquirendum
1088 2265 1163 2309 031,
1180 2266 1400 2301 enarrator
1422 2261 1501 2301 iste
1523 2261 1614 2315 quis
1636 2261 1775 2310 fuerit,

265 2340 356 2379 quee
388 2326 445 2365 illi
477 2327 627 2380 patria,
651 2328 761 2380 quod
792 2327 989 2376 studium,
1013 2328 1163 2383 quibus
1190 2328 1354 2368 indiciis
1385 2328 1653 2381 externisque
1685 2343 1776 2382 quae

231 2398 468 2436 2vocantur
502 2394 752 2434 testimoniis
784 2395 955 2449 Ulpiani
991 2396 1172 2436 rhetoris
1208 2410 1357 2436 nomen
1390 2400 1432 2435 01
1462 2409 1684 2450 personam
1718 2395 1777 2435 in-

265 2461 355 2502 duit
372 2462 383 2501 3
406 2461 674 2502 Praefationis
691 2463 820 2517 ipsius
840 2464 988 2504 titulus
1010 2464 1070 2504 ita
1090 2464 1323 2518 concipitur
1342 2465 1454 2518 apud
1473 2464 1777 2519 Hieronymum

314 2627 350 2672 [*
379 2628 530 2662 Doctam
560 2629 781 2673 Chapmanni
810 2631 1139 2664 commentationem
1169 2631 1210 2664 de
1238 2631 1390 2675 Ulpiano
1418 2632 1530 2666 sumsi
1557 2643 1598 2665 ex
1626 2632 1777 2666 editione

264 2685 460 2718 orationum
481 2685 768 2730 Olynthiacarum
789 2686 1067 2731 Cantabrigiensi
1085 2700 1114 2721 a.
1138 2697 1249 2732 1731.3
1268 2688 1367 2732 cujus
1386 2688 1593 2732 paginarum
1611 2700 1776 2722 numeros

264 2741 299 2774 in
326 2742 482 2785 margine
508 2743 620 2786 posui.
671 2743 852 2776 Nonnulla
870 2744 912 2776 ab
933 2744 1163 2788 Chapmanno
1182 2756 1253 2777 non
1271 2750 1361 2777 recte
1385 2743 1560 2788 disputata
1582 2746 1715 2778 correxi
1741 2745 1777 2778 in

266 2798 473 2832 Praefatione
492 2811 578 2833 mea.
607 2799 649 2833 G.
671 2799 931 2845 DINDORF]
