1977 3209
718 128 797 167 DE
832 128 1120 168 ULPIANO.
1579 127 1673 167 xlvii

170 245 336 271 manum
357 246 439 271 non
460 233 583 271 modo
605 239 759 287 cogunt
781 234 959 274 libenter
979 247 1216 288 agnoscere,
1239 247 1380 272 verum
1400 231 1527 272 etiam
1550 231 1674 284 paulo
1689 242 1739 276 34

170 298 430 338 constantius
452 313 648 338 asserere.

228 364 372 417 Atque
389 365 476 405 haec
493 365 569 405 tibi
593 365 730 419 qualia
747 366 884 419 qualia
899 371 996 406 sunt
1012 380 1087 419 pro
1104 370 1292 418 tempore
1309 369 1352 404 et
1372 363 1525 417 ingenii
1544 363 1675 402 nostri

169 430 348 478 modulo,
366 431 528 471 erudite
549 431 692 479 lector,
714 431 757 470 in
778 446 925 471 manus
948 432 1014 471 do.
1065 431 1203 470 Exilia,
1225 430 1391 483 quidem
1412 430 1480 469 illa
1499 429 1677 469 fortasse

170 501 213 536 et
234 497 438 550 imperita,
456 497 770 550 juventutisque
801 502 849 537 ut
877 502 941 537 cst
970 497 1231 537 ferventioris
1262 496 1547 536 temeritatem
1576 495 1678 534 refe-

170 562 332 609 rentia;
366 577 487 616 spero
518 568 674 611 tamen,
707 564 818 603 haud
848 578 1017 617 prorsus
1049 563 1285 616 injucunda.
1347 562 1490 615 Neque
1518 561 1679 601 interca

171 645 219 670 eo
241 631 358 670 unice
379 635 568 684 spectare
585 631 729 670 credas
751 646 840 684 quae
862 631 963 684 legis
985 635 1032 670 ut
1049 629 1368 670 commentarios
1389 634 1477 669 tam
1498 628 1679 682 insignes

171 701 259 736 tam
280 697 426 737 doctos
456 702 583 751 atque
613 698 734 737 utiles
766 712 787 736 e
814 697 1005 737 manibus
1036 697 1119 737 tuis
1148 702 1404 737 excuterent.
1466 696 1679 736 Extremae

171 764 337 818 quidem
376 764 418 803 id
458 770 568 804 esset
608 765 841 812 dementiae,
884 770 926 805 et
966 765 1155 813 hominis,
1199 764 1269 818 qui
1312 764 1571 818 diligentiam
1613 768 1680 804 tot

172 831 352 871 virorum
381 831 704 871 clarissimorum
735 831 777 870 in
806 831 1040 871 evolvendis
1065 831 1143 870 illis
1175 836 1217 871 et
1245 830 1536 871 elucubrandis
1568 830 1680 883 inep-

172 898 331 938 tissime
363 898 698 951 reprehenderct.
762 897 849 950 Ipsi
883 897 1058 949 denique
1091 897 1223 937 amico
1256 902 1399 936 nostro
1431 901 1473 936 et
1507 897 1681 936 necessi-

172 964 328 1005 tudinis
349 964 595 1005 arctissimae
617 964 849 1004 rationibus
870 964 1083 1011 defuerim,
1106 964 1140 1002 si
1162 963 1204 1002 in
1225 977 1318 1002 eam
1339 963 1426 1015 ejus
1449 977 1617 1015 operam
1638 968 1681 1003 et

173 1031 423 1071 industriam
458 1030 694 1079 involarem,
731 1044 855 1083 quam
887 1030 993 1069 adeo
1025 1029 1183 1069 felicem
1219 1033 1262 1068 et
1291 1028 1498 1068 eruditam
1530 1029 1572 1067 in
1603 1029 1681 1068 illis

174 1098 409 1137 excolendis
430 1102 557 1150 atque
579 1097 829 1137 exornandis
851 1096 1078 1136 collocavit.
1141 1096 1249 1134 Suus
1269 1094 1398 1148 igitur
1419 1094 1508 1143 illis,
1532 1096 1681 1148 pseud-

174 1162 351 1215 ulpianis
389 1162 498 1208 licet,
535 1163 673 1202 adhuc
710 1162 765 1202 sit
799 1162 930 1201 honos
963 1166 1006 1201 ot
1041 1159 1284 1200 auctoritas
1361 1159 1508 1199 Plures
1548 1159 1682 1199 indies

175 1229 457 1277 Casaubonos,
485 1228 689 1274 Valesios,
722 1228 897 1276 Petitos,
931 1227 1136 1281 Sigonios,
1174 1225 1397 1273 Mem-sios,
1433 1225 1682 1265 Pearsonios

178 1295 335 1349 (quales
364 1296 478 1335 Deus
506 1296 641 1335 bone!
675 1301 717 1335 et
744 1299 923 1348 quantos
948 1294 1057 1334 viros
1075 1295 1101 1346 ἔ)
1133 1296 1368 1332 exerceant.
1430 1291 1558 1332 Absit
1589 1306 1682 1345 pro-

174 1363 296 1410 fecto,
320 1366 367 1402 ut
392 1376 482 1415 quae
503 1362 660 1402 literati
686 1361 741 1401 illi
763 1362 909 1401 heroes
930 1361 1058 1401 etiam
1082 1360 1253 1400 laudare
1280 1373 1363 1398 non
1388 1358 1682 1412 dedignantur,

175 1444 225 1470 ea
245 1444 320 1468 nos
342 1428 640 1469 homunciones
662 1428 857 1482 sciolique
879 1426 1110 1482 despicatui
1132 1425 1286 1466 habere
1306 1425 1546 1465 audeamus

1218 1544 1260 1584 J.
1296 1544 1340 1584 O.

284 1663 381 1699 Coll.
404 1662 533 1709 Regal.

180 1741 212 1776 3.
234 1728 280 1763 id.
302 1726 488 1762 Novemb.
514 1733 626 1772 1730.
