1977 3209
277 133 345 172 viii
809 135 1211 176 PRAEFATIO.

275 240 333 284 de
369 255 460 298 quo
496 241 592 285 dixi
629 243 675 286 in
711 245 1012 289 annotatione
1044 245 1101 288 ad
1139 243 1507 288 Demosthenem
1544 243 1633 286 vol.
1661 242 1697 286 Ι.
1740 257 1780 300 p.

280 329 351 359 10.
379 330 394 358 1
412 331 448 359 1.

340 390 614 436 BIonacensi
641 392 700 436 A.
739 393 1000 438 simillimus
1042 400 1112 439 est
1152 393 1385 438 Parisinus
1424 393 1497 445 R„
1533 393 1620 436 nisi
1660 392 1783 450 quod

272 464 478 525 longiora
513 467 686 512 scholia
721 468 949 513 rhetorica
983 470 1192 528 plurima,
1230 470 1485 527 praesertim
1521 468 1578 511 ad
1616 469 1783 511 oratio-

270 554 378 583 nem
403 540 756 594 Timocrateam,
780 543 936 595 habet,
962 545 1129 602 quibus
1164 543 1460 589 Monacensis
1493 549 1631 595 caret,
1657 550 1783 587 cete-

268 627 372 656 rum
408 615 680 660 utilissimus
716 618 831 661 mihi
868 619 958 662 fuit
993 620 1049 663 ad
1086 620 1222 677 hujus
1253 620 1326 664 vel
1363 621 1477 664 vitia
1511 619 1782 678 corrigenda

269 689 343 733 vel
368 689 555 734 lacunas
585 691 853 750 explendas.
926 692 1052 737 Nam
1086 696 1316 754 margines
1349 695 1453 738 libri
1482 695 1781 738 Monacensis

266 778 360 806 non
386 779 486 807 raro
512 766 585 809 vel
611 768 676 809 ita
708 767 867 810 detriti
901 774 1008 811 sunt
1041 775 1093 811 ut
1127 771 1237 826 quid
1270 771 1491 827 scriptum
1517 770 1657 814 fuerit
1682 771 1778 813 erui

266 845 468 896 nequeat
487 840 560 883 vel
585 841 838 900 bibliopegi
863 842 1012 886 cultro
1037 844 1281 902 amputati.
1337 844 1646 887 Communem
1673 859 1779 888 cum

266 913 476 959 Parisino
503 914 558 959 R.
586 917 812 976 originem
849 917 990 962 habet
1017 918 1095 971 Η.,
1122 919 1199 977 qui
1235 935 1328 964 non
1364 920 1487 963 ultra
1523 920 1779 964 orationem

265 990 323 1034 de
355 1006 523 1035 corona
559 993 780 1051 procedit.
855 993 1050 1038 Scholiis
1087 995 1273 1053 praefixa
1308 1001 1378 1039 est
1414 995 1564 1039 brevis
1601 996 1660 1038 de
1685 995 1779 1039 vita

265 1064 596 1112 Demosthenis
639 1071 971 1114 commentatio
1008 1071 1173 1115 eadem
1210 1086 1348 1129 quam
1390 1071 1436 1114 in
1473 1071 1682 1114 Parisino
1717 1071 1775 1115 Y.

263 1140 388 1186 Vitae
413 1144 470 1187 ab
495 1143 684 1189 Zosimo
710 1145 984 1191 Ascalonita
1020 1147 1199 1205 scriptae
1235 1147 1490 1205 subjectam
1517 1161 1615 1191 esse
1640 1161 1777 1205 supra

265 1217 489 1264 dicebam.

326 1294 437 1339 Alia
470 1297 680 1340 codicum
711 1297 865 1342 classis
901 1314 1060 1342 eorum
1098 1304 1183 1351 est,
1216 1299 1294 1356 qui
1330 1299 1572 1342 continuas
1609 1300 1778 1342 oratio-

260 1386 373 1415 num
410 1375 698 1431 quarundam
736 1377 1048 1435 expositiones
1084 1376 1336 1420 rhetoricas
1372 1381 1419 1419 et
1455 1375 1678 1433 ampliora
1714 1391 1773 1419 ex

260 1456 470 1494 veterum
496 1451 806 1510 interpretum
832 1454 1131 1505 ὑπομνήμασιν
1157 1459 1377 1511 excerpta
1402 1453 1644 1497 continent
1670 1468 1773 1497 eam

258 1525 306 1568 in
331 1525 525 1570 formam
555 1528 742 1572 redacta
767 1544 905 1586 quam
943 1544 1108 1587 corpus
1140 1528 1419 1572 scholiorum
1444 1529 1551 1572 inde
1576 1529 1632 1572 ab
1658 1528 1772 1571 Aldi

260 1599 465 1645 Manutii
501 1603 785 1661 temporibus
818 1603 1008 1662 Ulpiani
1045 1619 1216 1647 nomen
1253 1619 1417 1662 gerens
1458 1610 1772 1662 repraesentat.

259 1673 414 1733 Hujus
437 1679 618 1736 generis
643 1679 825 1722 codices
851 1694 936 1737 ego
962 1678 1102 1722 habui
1140 1685 1370 1737 quattuor,
1398 1679 1628 1723 Parisinos
1653 1678 1769 1723 T.D.

257 1748 389 1803 OG„
429 1769 624 1810 quorun]
664 1753 818 1798 nullus
865 1754 1070 1797 utilitate
1113 1769 1193 1798 sua
1231 1760 1372 1807 caret,
1413 1754 1523 1798 licet
1571 1755 1769 1798 duorum

256 1826 400 1870 instar
441 1827 662 1873 librorum
703 1830 806 1881 sint,
849 1844 993 1887 quum
1027 1828 1085 1872 D.
1112 1845 1218 1873 cum
1243 1830 1293 1874 T.
1320 1845 1372 1874 ac
1397 1829 1455 1875 G.
1483 1845 1589 1874 cum
1615 1829 1666 1873 C.
1704 1830 1770 1874 ita

255 1903 429 1961 ubique
470 1905 566 1949 fere
608 1906 900 1949 consentiant
938 1913 991 1948 ut
1030 1906 1289 1949 communis
1328 1907 1461 1964 primi
1499 1913 1547 1950 et
1577 1907 1767 1950 secundi

255 1979 382 2038 origo
419 1995 549 2038 teque
581 1981 829 2025 manifesta
858 1982 916 2025 sit
945 1988 1085 2039 atque
1119 1982 1245 2025 tertii
1282 1987 1329 2025 et
1359 1983 1525 2041 quarti.
1596 1982 1766 2041 Neque

255 2055 376 2098 inter
400 2055 467 2108 Τ.,
493 2057 569 2114 qui
597 2063 667 2101 est
693 2057 834 2101 seculi
862 2057 1028 2100 decimi
1056 2058 1197 2109 tertii,
1224 2064 1270 2101 et
1296 2058 1362 2108 C..
1389 2059 1466 2116 qui
1501 2064 1570 2102 est
1597 2059 1765 2102 decimi

256 2131 418 2187 quinti,
445 2133 594 2189 majus
619 2133 866 2176 intercedit
892 2134 1137 2178 discrimen
1163 2149 1302 2192 quam
1338 2136 1460 2178 inter
1484 2135 1766 2193 antiquiores

255 2210 302 2248 et
328 2208 604 2252 recentiores
637 2209 843 2266 ejusden]
882 2209 1072 2253 familiae
1109 2210 1248 2254 libros
1284 2211 1551 2268 quorumvis
1576 2211 1765 2269 scripto-

254 2296 355 2324 rum
381 2283 668 2328 intercedere
688 2285 817 2330 solet.
857 2285 1171 2338 Quamobrem
1198 2287 1269 2330 his
1295 2286 1420 2330 libris
1445 2287 1510 2330 ita
1529 2301 1631 2330 sum
1655 2302 1765 2331 usus

254 2363 306 2400 ut
331 2358 501 2401 codicis
536 2359 586 2402 T.
617 2359 866 2404 lectionem
904 2377 1046 2420 prope
1082 2363 1312 2421 integram
1349 2361 1573 2413 afferrem,
1599 2363 1764 2406 ceteris

253 2447 359 2475 cum
396 2433 580 2477 delectu
618 2436 817 2492 quodam
861 2446 1018 2480 uterer
1056 2452 1423 2495 consensumque
1460 2437 1671 2481 codicum
1699 2437 1759 2481 D.

253 2523 358 2551 cum
384 2508 433 2551 T.
456 2516 502 2552 et
528 2509 584 2554 G.
606 2526 711 2554 cum
738 2510 790 2555 C.
816 2511 1089 2570 plerumque
1115 2513 1393 2565 omitterem,
1420 2519 1631 2557 notarem
1652 2529 1760 2558 vero

252 2583 522 2627 dissensum.

316 2658 435 2702 Cum
463 2658 679 2704 Parisinis
704 2660 817 2705 OG.
854 2676 1068 2721 magnam
1106 2664 1459 2709 similitudinem
1495 2665 1759 2708 habuerunt

249 2733 430 2777 codices
466 2749 524 2778 ex
561 2735 726 2792 quibus
752 2734 904 2780 Aldus
932 2737 1172 2783 Manutius
1197 2754 1327 2784 suam
1363 2740 1642 2785 scholiorum
1667 2739 1760 2783 001-
