1977 3209
290 116 386 155 xxvi
622 117 993 158 OHAPMANNI
1026 119 1474 162 COMMENTATIO

290 222 488 275 sophistae
519 223 607 263 haec
639 224 781 265 habet.
844 225 949 264 Νέον
980 228 1022 265 δὲ
1053 227 1169 267 αὐτὸν
1202 230 1242 277 ἐξ
1275 227 1483 279 Ἀρμενίας
1515 229 1808 279 ἀναστήσαντος

289 290 480 339 δαίμονος,
506 291 567 330 καὶ
587 291 681 341 πρὸς
702 291 771 340 τὴν
791 290 1040 344 Ἀντιόχειαν
1062 294 1360 343 διαβάλλοντος,
1385 296 1428 335 οὐ
1459 298 1532 347 γὰρ
1565 297 1808 346 ἐπεθύμησεν

291 357 400 400 εὐθὺς
432 362 506 398 τῶν
525 357 714 409 Ἀθηνῶν,
738 361 762 409 ἥ
791 377 834 399 τε
866 360 994 400 ἔνδεια
1027 364 1243 412 παρελύπει
1273 367 1349 403 τῶν
1379 364 1587 416 χρημάτων
1619 365 1808 416 (γεγονὼς

288 426 363 476 γὰρ
385 425 536 464 ἄνωθεν
559 429 694 473 καλῶς,
718 431 830 466 τοῦτο
852 427 1014 479 ἠτύχει·)
1042 428 1103 467 καὶ
1124 430 1218 479 πρὸς
1248 429 1317 468 τὸν
1341 430 1570 470 Οὐλπιανὸν
1594 434 1808 482 κρατοῦντα

289 494 355 541 τῆς
389 493 621 544 Αντιοχείας
643 494 704 532 ἐπὶ
726 494 862 544 λόγοις
883 493 1037 542 ὠσθεὶς,
1061 496 1131 534 &c.
1178 496 1246 536 Ita
1268 497 1495 536 secundum
1517 496 1804 550 interpretem,

287 561 390 600 Fors
409 560 583 612 fortuna
616 563 807 613 compulit
838 563 951 602 illum
980 564 1021 602 in
1041 564 1217 614 juvenili
1239 569 1358 604 (etate
1378 565 1577 604 Armenia
1600 566 1806 615 excedere,

287 631 408 679 atque
428 628 694 667 Antiochiam
716 630 942 679 transtulit,
961 644 1055 669 ¹nam
1072 631 1259 670 Athenas
1281 635 1392 670 recta
1415 645 1493 670 non¹
1515 633 1686 683 appetiit
1703 632 1811 683 quod

286 695 346 733 rei
369 695 621 745 pecuniarioe
652 696 789 746 inopia
815 696 986 749 (potius,
1020 698 1151 749 copia)
1179 699 1396 737 destitutus
1418 698 1565 749 fizerit,
1593 700 1654 750 (ea
1690 700 1731 737 in
1765 712 1809 738 re

286 760 457 813 infoelioe,
481 763 644 801 honesto
675 763 827 813 alioqui
861 764 945 802 loco
976 765 1132 815 natus,)
1156 765 1223 803 ubi
1255 765 1312 803 (ια7
1347 765 1564 816 Ulpianum
1596 766 1808 805 rhetoricae

287 830 392 867 artis
405 828 660 880 professione
682 830 853 868 nobilem
876 830 1092 879 divertens,
1113 831 1188 871 &c.
1222 830 1383 870 Iterum
1406 832 1482 871 sub
1504 831 1600 871 vitae
1622 832 1809 885 ejusdem

286 894 464 935 initium.
530 895 710 945 Διέβαλε
745 898 820 946 μὲν
856 899 930 948 γὰρ
965 898 984 935 ὁ
1019 901 1139 937 ταῦτα
1172 898 1366 938 συντιθεὶς
1403 899 1443 947 ἐξ
1476 896 1617 939 Ἀσίας
1651 900 1705 940 εἰς
1740 899 1810 948 τὴν

1715 966 1734 1003 ὁ
1767 966 1809 1005 δὲ

287 1029 545 1081 Προαιρέσιος
579 1032 838 1082 προεληλύθει
872 1032 944 1081 μὲν
976 1033 1038 1071 ἐπὶ
1072 1032 1115 1071 τὸ
1151 1033 1321 1081 ἕβδομον
1356 1032 1416 1072 ἐπὶ
1452 1036 1533 1074 τοῖς
1569 1031 1809 1083 ὀγδοήκοντα

248 1096 429 1146 4ἕτεσιν,
452 1098 501 1139 ὡς
523 1097 636 1139 αὐτὸς
657 1098 809 1149 ἔλεγεν.
873 1098 1100 1152 Interpres,
1130 1100 1174 1138 Is
1203 1101 1383 1151 scriptor
1417 1099 1586 1153 (potius,
1614 1099 1691 1144 Qui
1723 1100 1807 1138 hoec

285 1165 448 1216 scribit)
473 1178 523 1203 αι’
544 1165 650 1204 Asia
672 1166 713 1204 in
734 1166 947 1217 Europam
979 1167 1201 1217 trajecerat
1232 1170 1270 1205 et
1293 1167 1402 1206 circa
1430 1167 1627 1205 decimum
1648 1170 1807 1205 sea’tum

286 1232 421 1270 aetatis
453 1245 601 1270 [mnium
638 1232 824 1272 Athenas
865 1233 1079 1284 appulerat
1200 1233 1237 1271 T
1235 1247 1297 1272 um
1335 1246 1428 1272 ‘vero
1461 1234 1712 1272 Proceresius
1754 1234 1811 1273 ad

286 1299 497 1349 septimum
533 1313 657 1350 supra
691 1300 975 1352 octoyesinzum
1012 1313 1160 1339 annzmz
1192 1304 1434 1349 accesserat,
1470 1304 1514 1339 ut
1547 1301 1630 1351 ipse
1652 1301 1807 1352 prcedi-

287 963 475 1013 Εὐρώπην
511 964 571 1003 καὶ
607 961 776 1013 Ἀθήνας
811 968 935 1004 τελῶν
972 965 1025 1005 εἷς
1060 965 1172 1004 ἕκτον
1206 965 1267 1004 καὶ
1301 964 1460 1007 δέκατος
1497 965 1594 1006 ἔτος·

287 1365 419 1405 cahat.
482 1366 541 1406 Et
573 1367 649 1406 sub
681 1366 750 1406 fin.
775 1368 794 1405 ὁ
824 1368 867 1406 δὲ
901 1367 1151 1418 συγγραφεὺς
1186 1369 1281 1406 κατὰ
1312 1367 1463 1407 τουτονὶ
1493 1366 1560 1406 τὸν
1589 1368 1733 1419 χρόνον
1755 1369 1808 1409 εἰς

288 1432 398 1472 ἕκτον
418 1450 491 1472 που
514 1435 575 1473 καὶ
596 1433 755 1473 δέκατον
777 1434 860 1474 ἔτος
890 1437 1015 1474 τελῶν
1041 1437 1240 1485 παρῆλθεν
1262 1435 1314 1476 εἰς
1345 1436 1412 1476 τὰς
1436 1433 1604 1484 Ἀθήνας
1636 1434 1696 1474 καὶ
1727 1438 1806 1476 τοῖς

286 1500 484 1550 ὁμιληταῖς
519 1502 762 1552 ἐγκατεμίγη.
826 1501 984 1554 Interp.
1030 1502 1096 1540 Ea
1139 1506 1375 1553 tempestate
1414 1503 1592 1552 scriptor
1631 1501 1803 1555 (potius,

285 1568 403 1619 hujus
434 1569 566 1620 operis
596 1569 788 1621 scriptor)
815 1570 1012 1608 decimum
1043 1573 1201 1609 sea'tu-ni
1234 1569 1400 1609 circiter
1421 1583 1569 1608 annum
1599 1569 1807 1620 inpressus

284 1635 472 1674 Athenas
494 1637 683 1686 pert-enit
712 1649 760 1675 ac
786 1637 1075 1688 [liscisnelornm
1109 1650 1272 1676 numero
1296 1637 1499 1687 ascriptus
1523 1634 1657 1688 (fuit.)
1724 1636 1806 1675 Lo-

287 1701 430 1754 quitur
452 1702 517 1742 hic
539 1703 590 1742 de
611 1703 872 1756 temporibus
894 1704 1053 1743 Juliani
1076 1703 1355 1757 imperatoris.
1399 1704 1467 1742 Ex
1489 1703 1553 1743 his
1573 1702 1673 1743 locis
1696 1703 1806 1744 inter

286 1781 329 1806 se
361 1767 522 1808 collatis
557 1768 618 1808 ita
644 1770 1023 1823 argumentandum
1060 1784 1149 1808 esse
1181 1768 1292 1808 duxi.
1356 1768 1533 1808 Constat
1565 1768 1805 1822 Eunapium

286 1840 478 1874 nostrum
496 1837 559 1887 (ut
580 1836 709 1876 cuivis
731 1836 867 1890 ipsum
890 1836 1126 1890 inspicienti
1148 1835 1335 1890 patebit)
1360 1850 1411 1875 ex
1433 1835 1496 1875 his
1517 1835 1647 1889 ipsius
1668 1835 1804 1875 verbis

285 1901 339 1941 ad
363 1902 640 1942 Proaeresium
663 1917 706 1943 se
728 1903 952 1943 contulisse
974 1903 1209 1957 imperante
1231 1903 1261 1942 J
1265 1902 1417 1943 uliano.
1471 1902 1567 1942 Hoc
1590 1917 1686 1942 vero
1709 1917 1804 1942 con-

285 1968 383 2022 tigit
416 1970 642 2009 secundum
678 1970 982 2024 Hieronjmum
1013 1970 1054 2009 in
1088 1970 1292 2011 Chronico
1325 1970 1436 2010 circa
1466 1984 1565 2010 ann.
1589 1969 1686 2010 Chr.
1707 1971 1804 2024 363.

286 2035 446 2076 Eodem
483 2042 672 2090 tempore
708 2037 965 2078 Proaeresius
1000 2042 1048 2078 ut
1089 2037 1199 2078 idem
1235 2037 1380 2077 scribit
1413 2037 1465 2077 ad
1503 2036 1805 2091 octogesimum

286 2103 510 2156 septimum
539 2104 680 2144 aetatis
711 2119 866 2144 annum
893 2110 1155 2158 pervenerat.
1219 2103 1478 2144 Proaeresius
1499 2103 1628 2157 igitur
1649 2104 1703 2143 ad
1727 2103 1804 2143 Ul-

284 2169 455 2222 pianum
476 2171 701 2211 devenerat
722 2172 991 2225 septuaginta
1011 2171 1178 2212 circiter
1199 2176 1297 2211 ante
1318 2185 1450 2211 annos
1475 2170 1639 2223 juvenis
1661 2171 1803 2211 admo-

286 2237 395 2283 dum,
424 2252 579 2278 annum
615 2253 745 2292 agens
780 2243 884 2292 puta
917 2239 1122 2278 decimum
1160 2238 1395 2291 septimum,
1436 2239 1547 2289 (raro
1581 2237 1692 2277 enim
1727 2244 1802 2279 aut

284 2318 498 2357 nunquam
520 2304 650 2344 serius
681 2305 736 2344 ad
757 2304 985 2345 rhetorices
1007 2304 1232 2359 magistros
1262 2304 1559 2344 deferebantur
1580 2304 1803 2359 discipuli.)

285 2370 310 2410 i.
335 2385 368 2411 e.
392 2370 502 2411 circa
522 2386 618 2411 ann.
642 2371 764 2411 Dom.
793 2385 887 2425 293.
951 2372 1064 2426 Ergo
1081 2372 1169 2425 jam
1191 2371 1260 2410 diu
1287 2375 1387 2411 ante
1408 2371 1676 2411 Constantini
1699 2377 1801 2413 tem-

286 2453 388 2491 pora
410 2438 648 2478 Antiochiae
670 2438 811 2478 floruit
835 2438 1053 2492 Ulpianus,
1079 2453 1206 2493 quum
1227 2439 1292 2478 ille
1314 2438 1534 2492 imperium
1560 2439 1801 2492 auspicatus

285 2503 341 2544 sit
362 2519 472 2545 auno
494 2506 665 2545 tandem
686 2507 784 2558 306.

344 2573 380 2625 ξ.
404 2585 442 2626 3.
476 2572 620 2612 Unum
655 2573 792 2612 adhuc
826 2577 960 2613 restat
997 2573 1316 2621 discutiendum,
1351 2573 1461 2626 quod
1497 2572 1631 2626 prima
1663 2572 1801 2612 fronte

284 2639 462 2679 calculos
488 2644 653 2679 nostros
684 2640 932 2692 perturbare
964 2639 1129 2680 videtur
1160 2645 1202 2680 et
1229 2640 1485 2680 labefactare
1499 2657 1510 2688 3
1544 2639 1585 2678 id
1608 2654 1664 2679 sc.
1689 2641 1801 2693 quod

284 2705 430 2746 scribit
454 2705 669 2759 Eunapius
691 2710 834 2746 noster
855 2706 896 2745 in
918 2706 1126 2759 excerptis
1149 2706 1306 2746 Graecis
1328 2707 1414 2757 περὶ
1436 2705 1653 2757 πρεσβέων.
1686 2709 1801 2746 Μετὰ

284 2772 353 2821 τὴν
388 2771 607 2813 Ἰουλιανοῦ
649 2776 712 2823 τῆς
751 2775 962 2823 βασιλείας
1003 2775 1261 2825 ἀναγόρευσιν
1301 2777 1513 2824 πρεσβεῖαι
1552 2773 1800 2825 πανταχόθεν

285 2841 773 2891 συνέβαιι.ὀν.--Λυδοὶ
796 2844 836 2882 δὲ
861 2842 922 2881 καὶ
949 2842 1062 2894 εὐχῆς
1095 2845 1265 2892 κρεῖττον
1287 2842 1474 2892 ἔπραττον
1498 2842 1695 2881 Εὐναπίου
1725 2843 1798 2891 μὲν
