1977 3209
680 122 1106 164 PRAEFATIO.
1577 120 1647 159 xiii

131 234 306 277 factum
344 237 413 276 est
449 232 494 274 in
522 230 639 275 Vita
673 231 730 274 ab
768 229 956 274 Zosimo
995 230 1177 286 scripta,
1213 233 1264 270 ut
1307 226 1421 270 illud
1462 240 1644 283 quoque

130 307 336 352 scholion
369 308 426 350 ab
451 306 640 350 Zosimo
673 307 896 364 scriptum
934 319 1033 349 esse
1057 304 1282 347 videatur.
1354 301 1468 345 Haec
1505 301 1647 360 igitur

129 385 285 428 omnia
311 384 420 427 satis
444 381 745 441 probabiliter
777 381 1031 438 disputavit
1056 379 1294 428 Dobraeus,
1321 391 1519 436 quocum
1559 391 1645 435 ego

129 461 195 503 ita
235 459 474 503 consentio
515 464 570 501 ut
611 457 778 515 quibus
819 456 990 499 finibus
1038 454 1228 512 Ulpiani
1272 468 1411 511 opera
1451 452 1646 495 circum-

130 535 300 593 scripta
342 535 481 577 fuerit
529 534 575 576 in
623 533 777 575 mcdio
825 530 1197 587 relinquendum,
1242 528 1485 571 Zosimum
1524 541 1646 577 vero,

130 611 381 662 hominem,
407 615 459 652 ut
485 624 543 652 ex
575 608 691 653 Vita
728 605 1061 650 Demosthenis
1095 605 1256 662 jejune
1293 604 1350 648 ab
1387 618 1442 647 eo
1478 603 1648 660 scripta.

130 691 334 744 apparet,
377 699 528 742 neque
569 683 756 742 ingenio
798 697 949 740 neque
992 681 1204 724 doctrina
1251 681 1553 731 eminentem,
1600 679 1646 721 in

132 761 315 805 scholiis
339 761 385 803 111
412 758 782 803 Demosthenem
808 757 1079 816 colligendis
1104 756 1302 800 eandem
1328 755 1423 798 fere
1460 769 1647 812 operam

131 837 335 895 posuisse
372 836 570 886 credam,
602 849 739 892 quam
767 832 1140 891 Aristophanicis
1176 831 1404 889 impendit
1438 829 1649 889 Symma-

133 912 258 963 chus,
299 912 355 954 de
395 926 485 968 quo
528 910 624 952 dixi
663 909 719 953 ad
769 908 944 952 scholia
987 909 1033 950 in
1072 906 1435 964 Aristophanem
1480 905 1569 949 vol.
1609 905 1647 949 I.

133 1003 175 1046 p.
217 988 313 1031 xiii.
352 994 397 1031 et
441 985 529 1029 vol.
568 984 660 1027 ΠΙ.
703 1000 746 1043 p.
783 998 1058 1044 390—392.
1131 982 1250 1034 Quae
1293 982 1552 1025 observatio
1591 981 1648 1025 ad

132 1062 333 1107 alterum
374 1076 456 1106 nos
497 1061 625 1104 ducit
661 1076 807 1119 genus
844 1059 1137 1111 scholiorum,
1173 1058 1294 1116 quod
1326 1058 1651 1116 grammatico-

133 1154 236 1183 rum
272 1153 413 1189 more,
440 1151 578 1195 quem
605 1136 738 1195 tetigi
776 1136 823 1178 in
859 1134 1134 1192 praefatione
1169 1134 1228 1177 ad
1265 1133 1439 1177 scholia
1472 1133 1520 1176 in
1546 1131 1651 1176 Ari-

134 1213 408 1272 stophanem
434 1212 461 1256 l.
488 1227 540 1263 c.‚
565 1208 753 1268 ἐκλογὰς
789 1207 1102 1261 ὑπομνημάτων
1137 1209 1370 1267 appellare
1407 1209 1530 1259 licet,
1556 1209 1584 1252 i.
1610 1223 1649 1253 e.

134 1295 355 1348 excerpta
401 1303 458 1331 ex
501 1287 812 1345 antiquiorum
856 1286 1166 1344 interpretum
1214 1284 1561 1329 commentariis
1602 1285 1650 1327 in

135 1380 278 1409 unum
305 1378 468 1422 corpus
493 1363 679 1406 redacta
704 1368 752 1406 et
772 1362 829 1405 ab
853 1361 1169 1420 grammaticis
1194 1359 1528 1404 recentioribus
1552 1358 1652 1403 aliis

134 1441 270 1485 aliter
294 1440 606 1484 conformata:
645 1438 804 1496 quales
829 1443 936 1480 sunt
963 1436 1261 1480 collectiones
1294 1435 1576 1479 scholiorum
1604 1435 1652 1478 111

136 1515 411 1566 Homerum,
436 1514 814 1573 Aristophanem,
854 1511 1149 1571 Sophoclem,
1181 1511 1488 1570 Apollonium
1526 1510 1654 1554 Rho-

135 1593 263 1635 dium
300 1591 504 1648 aliosque
541 1591 787 1648 scriptores
817 1603 908 1631 non
934 1602 1117 1646 paucos.
1188 1587 1399 1639 Quorum
1424 1600 1654 1644 gramma-

136 1670 333 1713 ticorum
373 1667 537 1711 studiis
578 1667 666 1710 1100
705 1666 924 1710 effectum
967 1672 1038 1708 est
1077 1670 1129 1708 ut
1171 1679 1261 1707 non
1311 1663 1653 1707 contemnenda

136 1750 347 1787 veterum
389 1742 828 1786 commentariorum
871 1742 917 1784 in
958 1746 1117 1798 poetas
1158 1754 1396 1798 prosaeque
1434 1739 1654 1782 orationis

137 1821 381 1879 scriptores
406 1834 508 1877 pars
532 1819 589 1861 ab
614 1818 807 1861 interitu
833 1823 1014 1862 servata
1037 1817 1095 1860 ad
1131 1822 1339 1875 posteros
1375 1816 1652 1874 pervenerit,

137 1912 163 1940 a
187 1896 352 1954 quibus
377 1896 601 1952 majorem
626 1894 765 1937 etiam
801 1894 998 1951 gratiam
1034 1893 1192 1935 inituri
1229 1898 1377 1943 erant,
1410 1892 1446 1934 si
1483 1890 1657 1934 scholia

138 1972 192 2015 ad
230 1987 335 2014 suos
376 1985 569 2027 quaeque
607 1976 818 2012 auctores
859 1967 1140 2011 retulissent.
1212 1967 1349 2019 Quod
1391 1972 1444 2009 ut
1476 1967 1523 2008 111
1556 1965 1656 2009 aliis

139 2046 438 2105 scriptoribus
475 2045 749 2102 plerumque
787 2044 938 2087 facere
973 2042 1296 2101 neglexerunt,
1323 2043 1388 2085 ita
1412 2042 1458 2084 in
1484 2040 1659 2083 Demo-

140 2122 359 2166 sthenicis
385 2135 569 2178 quoque
595 2119 779 2162 scholiis
804 2125 898 2161 tam
933 2133 1094 2176 parum
1122 2123 1342 2161 curarunt
1366 2123 1420 2160 ut
1446 2122 1655 2160 veterum

140 2197 446 2253 interpretum
490 2195 680 2237 nomina
718 2193 808 2237 alia
847 2193 1032 2237 silentio
1068 2192 1205 2250 plane
1241 2192 1539 2251 praeterirent,
1570 2190 1660 2234 alia

142 2272 220 2314 vix
245 2286 336 2314 uno
362 2271 601 2327 alteroque
627 2270 728 2313 loco
753 2275 1052 2328 apponerent,
1080 2269 1137 2312 (le
1165 2269 1330 2327 quibus
1365 2268 1482 2311 infra
1506 2268 1661 2325 posui-

142 2361 245 2389 mus
285 2346 546 2402 nostrisque
580 2345 927 2397 additamentis,
962 2360 1062 2402 quae
1101 2345 1283 2388 uncinis
1321 2343 1555 2402 quadratis
1590 2343 1662 2385 in-

143 2423 269 2466 clusa
305 2428 425 2467 sunt,
458 2423 673 2465 auximus
709 2437 814 2479 quae
846 2421 917 2464 M.
941 2420 1003 2463 H.
1032 2420 1085 2464 E.
1114 2420 1324 2465 Meierus
1360 2420 1576 2464 disseruit
1611 2419 1659 2461 in

143 2498 416 2555 praefatione
452 2497 509 2540 ad
546 2496 801 2539 orationem
842 2495 1102 2539 Midianam
1128 2511 1171 2554 p.
1193 2496 1435 2539 xiv—xxi.
1488 2494 1660 2546 “Que-

142 2574 260 2616 ritur
287 2573 386 2630 jam
423 2571 748 2630 Hermogenes
784 2571 842 2614 (10
878 2571 1010 2614 form.
1041 2586 1080 2621 2,
1110 2583 1150 2630 7.
1177 2571 1264 2614 vol.
1296 2586 1339 2630 3.
1365 2585 1410 2628 p.
1438 2569 1548 2629 348.
1584 2569 1657 2612 ed.

146 2647 211 2690 W
216 2647 313 2699 alz.,
342 2647 672 2690 Demosthenis
696 2647 973 2704 interpretes
997 2646 1193 2690 insulsos
1219 2646 1431 2698 ιάλέμους,
1457 2644 1499 2687 οἵ
1522 2646 1659 2704 φασιν

145 2721 391 2781 ἐξηγεῖσθαι
417 2720 495 2765 τὸν
519 2723 685 2781 ῥήτορα
717 2722 783 2764 καὶ
823 2720 869 2772 δὴ
905 2720 971 2763 καὶ
1007 2721 1169 2775 βιβλία
1198 2725 1451 2764 καταλιπεῖν
1476 2718 1661 2767 ἐτόλμη-

147 2818 226 2841 σαν
251 2801 334 2841 τῶν
359 2799 412 2843 εἰς
437 2796 565 2840 αὐτὸν
590 2796 841 2855 ἐξηγήσεων,
867 2795 892 2839 ἃ
920 2796 986 2838 καὶ
1014 2800 1078 2839 νῦν
1103 2795 1398 2854 ἐξελίττοντες
1423 2795 1465 2836 οἱ
1495 2791 1658 2835 πολλοὶ
