1977 3209
296 101 364 140 xvi
837 98 872 136 P
889 99 924 137 R
940 98 1001 136 JE
1019 97 1053 136 F
1069 98 1108 137 A
1125 97 1157 135 'l'
1175 97 1192 135 Ι
1211 98 1259 135 Ο.

296 208 581 267 Gymnasior
606 205 796 249 Sidonio
833 204 1049 261 sophista,
1076 204 1151 260 qui
1184 201 1478 246 Constantini
1513 199 1803 258 imperatoris

294 283 580 341 temporibus
606 281 737 332 vixit,
770 281 826 324 ab
859 279 1073 322 TiberioS
1103 278 1321 336 sophista,
1357 282 1546 321 auctore
1582 275 1803 319 librorum

296 359 353 402 de
392 359 549 417 figuris
592 356 978 405 Demosthenicis,
1023 355 1080 397 ab
1120 346 1367 398 Posidonio
1407 351 1695 410 Olbiopolita
1736 365 1806 394 so-

295 434 460 492 phista,
487 434 564 491 qui
592 433 736 477 Suida
758 438 879 475 teste
904 438 1178 489 argumenta
1201 429 1671 473 Demosthenicarum
1708 441 1805 469 ora-

295 511 491 561 tionum,
533 508 590 552 ab
630 508 815 557 Timaeo,
859 507 935 564 qui
983 506 1146 549 eodem
1190 511 1310 549 teste
1358 504 1581 561 συλλογὴν
1628 501 1808 560 scripsit

295 587 529 645 ῥητορικῶν
588 583 813 643 ἀφορμῶν,
861 596 997 638 quam
1045 581 1356 624 Ruhnkenius
1404 579 1536 623 Praef.
1585 579 1642 622 ad
1688 577 1807 619 Tim.

294 675 337 718 p.
365 661 456 703 xiv.
482 659 538 703 ad
576 659 799 701 Tiniaeum
827 657 1075 714 juniorem,
1113 655 1251 698 lexici
1287 660 1538 705 auctorem,
1568 653 1727 704 refert,
1751 652 1809 696 ab

295 736 408 780 aliis.
481 735 554 778 Ex
591 734 660 778 his
696 735 793 776 fere
830 732 945 775 nihil
970 732 1018 774 in
1046 730 1277 788 Ulpianea
1302 731 1588 789 immigrasse
1612 729 1808 773 videtur.

298 811 425 855 Nam
461 815 627 868 praeter
653 808 928 866 Dionysium
960 806 1432 856 Halicarnassensem,
1460 804 1810 863 Hermogenem

301 891 365 940 (et
389 886 512 930 hunc
539 884 726 942 quidem
753 888 823 927 sat
847 881 1020 933 multis,
1041 881 1173 924 illum
1198 881 1483 939 paucissimis
1509 880 1656 938 locis),
1680 878 1813 939 [Me-

298 962 588 1020 trophanem,
629 958 942 1018 Hermogenis
974 957 1278 1015 interpretem
1297 958 1322 1008 ¹³,
1358 957 1404 999 in
1451 955 1625 1000 scholio
1667 954 1723 999 ad
1765 969 1811 1013 p.

303 1051 410 1098 722,
439 1033 531 1097 12.]
563 1041 609 1079 et
636 1035 916 1092 Apsi11e1nu,
953 1048 1091 1090 quem
1128 1032 1381 1090 conjiciunt
1415 1031 1684 1076 Phoenicem
1723 1030 1814 1074 Ga-

301 1114 523 1157 darenum
560 1125 671 1161 esse,
697 1116 934 1153 auctorem
971 1109 1081 1153 artis
1106 1108 1359 1159 rhetoricae,
1385 1123 1486 1166 quae
1512 1107 1689 1150 Aldina
1723 1105 1816 1150 col-

301 1189 503 1233 lectione
539 1186 779 1229 rhetorum
816 1184 1083 1230 Graecorum
1119 1185 1399 1235 continetur,
1426 1183 1509 1227 soli
1545 1184 1592 1226 in
1628 1181 1811 1226 scholiis

304 1265 506 1308 citantur
529 1263 576 1306 hi
602 1262 905 1319 interpretes:

373 1340 440 1399 [1.
479 1336 711 1388 Caecilius,
749 1336 907 1380 rhetor
950 1335 1134 1380 Siculus
1172 1337 1255 1379 aevi
1297 1336 1542 1395 Augustei,
1582 1350 1719 1394 supra
1759 1334 1816 1378 ab

306 1415 490 1459 Meiero
514 1417 812 1461 memoratus,
841 1412 1012 1454 citatur
1036 1412 1081 1454 in
1108 1411 1281 1455 scholio
1307 1412 1489 1471 insigni,
1514 1412 1568 1455 ad
1598 1411 1817 1454 orationis

306 1489 600 1548 Olynthiacae
626 1486 838 1531 secundae
863 1487 1104 1530 exordium
1136 1492 1316 1530 servato
1349 1488 1396 1530 in
1432 1487 1666 1531 codicibus
1692 1485 1819 1529 Pari-

306 1565 415 1610 sinis
442 1564 497 1607 R.
517 1569 564 1607 et
589 1563 637 1607 S.
659 1577 717 1605 ex
743 1577 833 1619 quo
860 1562 1076 1606 discimus
1102 1562 1268 1619 quibus
1292 1563 1577 1622 argumentis
1601 1561 1819 1606 Caecilius

309 1640 519 1698 Dionysii
545 1637 962 1681 Halicarnassensis
999 1638 1057 1681 de
1093 1636 1252 1681 ordine
1288 1639 1549 1681 orationum
1575 1637 1819 1696 Olynthia-

309 1730 465 1760 carum
502 1715 780 1758 sententiam
817 1715 1160 1773 impugnaverit
1193 1713 1563 1773 Dionysiumque
1597 1713 1730 1772 plura
1761 1713 1819 1757 de

307 1791 393 1834 hac
430 1791 681 1848 quaestione
714 1789 882 1833 dixisse
914 1804 1051 1847 quam
1088 1805 1212 1833 nunc
1247 1790 1295 1833 in
1322 1789 1531 1848 Epistola
1556 1789 1594 1832 Ι.
1621 1790 1677 1833 ad
1702 1789 1821 1833 Am-

309 1881 482 1909 maeum
524 1865 612 1908 vol.
657 1865 701 1908 6.
750 1880 794 1922 p.
839 1865 948 1924 726.
990 1865 1200 1924 legimus.
1271 1863 1344 1908 Ex
1392 1866 1598 1923 ejusdem
1647 1863 1821 1908 Caecilii

311 1939 652 1984 commentariis
695 1940 887 1984 fortasse
928 1946 1149 1998 excerpta
1186 1947 1295 1984 sunt
1335 1956 1436 1999 quae
1477 1947 1638 1985 contra
1677 1940 1821 1985 alium

311 2014 522 2075 Dionysii
548 2030 748 2060 errorem
774 2016 991 2060 dicuntur
1015 2016 1062 2059 in
1087 2016 1261 2060 scholio
1286 2018 1344 2061 ad
1368 2033 1412 2075 p.
1435 2017 1513 2074 48,
1540 2018 1631 2072 16.]

381 2107 422 2134 2.
475 2089 714 2149 Aspasius,
754 2092 801 2135 in
840 2091 1014 2136 scholio
1060 2093 1117 2136 ad
1156 2098 1269 2136 orat.
1308 2092 1494 2151 Leptin.
1542 2108 1585 2151 p.
1623 2092 1733 2151 458,
1774 2109 1816 2153 9.

313 2163 466 2223 Hujus
500 2166 730 2222 judicium
779 2166 835 2210 de
882 2167 1104 2224 prooemio
1148 2167 1391 2225 Leptineae
1432 2168 1521 2211 vid.
1564 2183 1635 2226 ap.
1684 2168 1821 2212 Phot.

367 2362 381 2380 r
412 2355 567 2401 Scripsit
597 2353 656 2389 hic
695 2355 983 2390 declamationes
1024 2361 1059 2390 et
1092 2357 1398 2392 commentarium
1437 2357 1474 2392 in
1512 2357 1819 2394 Demosthenem.

315 2418 448 2454 suidas
470 2431 495 2452 S.
519 2430 552 2452 v.
575 2419 770 2461 Γυμνάσιος.

370 2487 383 2506 S
415 2481 487 2515 Hic
516 2483 592 2526 περὶ
624 2482 857 2524 Δημοσθένους
891 2484 942 2515 καὶ
973 2484 1189 2527 Ξενοφῶντος
1218 2483 1294 2529 περὶ
1318 2483 1504 2529 (Ηροδότου
1537 2487 1588 2519 καὶ
1619 2486 1821 2520 Θουκυδίδου

315 2550 590 2580 commentatus
611 2549 677 2578 est.

369 2607 383 2632 t
415 2606 578 2652 [Suidas,
601 2608 837 2652 Μητροφάνης,
859 2609 1047 2653 Εὐκαρπίας
1076 2612 1132 2653 τῆς
1160 2612 1316 2655 Φρυγίας,
1348 2611 1529 2656 σοφιστής.
1582 2613 1715 2658 ἔγραψε

316 2672 374 2706 Εἷς
392 2670 449 2713 τὴν
466 2670 684 2715 Ἑρμογένους
703 2670 821 2715 τέχνην
840 2671 1024 2715 ὑπόμνημα,
1047 2673 1100 2707 Εἷς
1121 2673 1330 2718 Ἀριστείδην
1349 2675 1550 2721 ὑπόμνημα]

370 2739 389 2757 u
421 2732 546 2768 Schol.
569 2733 604 2767 in
626 2739 717 2768 orat.
743 2733 888 2778 Leptin.
912 2746 947 2780 p.
973 2734 1062 2781 458,
1084 2747 1121 2782 9.
1295 2731 1298 2733 Α
