1977 3209
253 113 290 150 vi
796 107 1207 148 PRAEFATIO.

590 212 620 270 ,ᾗ
647 220 879 261 ὀλυνθιακὸς
899 211 928 268 ᾗ

593 288 619 338 ᾗ
650 286 880 328 ὀλυυθιακὸς
900 288 926 338 {s

595 358 613 393 ὃ
647 355 742 393 κατὰ
764 354 957 404 φιλίππου
980 357 1003 391 ᾶ

253 450 302 490 et
326 445 389 490 sic
413 459 547 504 porro
573 450 908 489 enumerantur
933 442 1165 486 orationes
1197 456 1252 485 eo
1285 441 1448 486 ordine
1481 455 1621 499 quem
1645 442 1764 486 indi-

253 522 351 565 cavi
385 522 429 564 in
461 520 728 578 praefatione
753 520 810 563 ad
838 518 1208 562 Demosthenem
1234 517 1322 561 vol.
1350 515 1387 561 I.
1415 533 1456 576 p.
1482 518 1574 561 xiv.
1643 517 1762 561 Tum

250 597 299 640 in
325 596 413 640 alia
437 596 653 640 columna
678 601 950 654 sequuntur,

491 684 521 719 -f-
539 674 703 724 ζωσίμου
727 675 994 713 ἀσκαλωυίτου
1017 675 1069 714 εἷς
1091 672 1381 722 ὃημοσθέυηυ-ὶ-

612 742 639 794 ·’;
678 743 767 790 βίος
789 741 1052 791 δημοσθένους

251 813 441 874 δευτέρωι
467 814 623 859 λοιπὸν
651 822 740 860 etc.

595 893 733 945 ἑτέρως
755 895 774 933 ὁ
798 893 1061 944 δημοσθένους
1080 893 1191 942 βίος,
1196 916 1252 922 —-

249 967 272 1010 ὁ
299 964 397 1028 τ’·ἐρι
425 965 706 1019 δημοσθένους
730 973 818 1012 etc.
846 983 958 1026 quas
983 967 1122 1012 Vitas
1147 983 1230 1012 nos
1251 967 1435 1012 scholiis
1460 967 1761 1026 praefiximus.

251 1032 370 1090 Post·
391 1047 486 1090 haec
512 1045 556 1087 αἱ
578 1044 815 1097 ὑποθέσεις,
840 1045 868 1087 i.
891 1059 929 1088 e.
957 1043 1140 1087 Libanii
1166 1042 1463 1103 Aioumenta
1488 1044 1764 1095 orationum,

250 1138 447 1181 quorum
472 1121 638 1166 ultimo
664 1121 974 1179 subscriptum
999 1120 1198 1172 λιβανίου
1221 1119 1454 1167 ὑποθέσεις.
1516 1120 1634 1163 Tum
1660 1125 1764 1178 post

250 1199 474 1256 quosdam
522 1197 686 1241 calami
740 1197 905 1240 ductus
952 1195 1280 1254 opusculorum
1328 1195 1762 1255 distinguendorum

250 1289 409 1318 caussa
440 1274 629 1332 positos,
656 1272 821 1332 σχόλια
856 1273 910 1319 εἰς
941 1270 1019 1315 τὸν
1042 1274 1070 1314 α’
1096 1271 1237 1328 λόγον
1260 1274 1343 1314 τῶν
1369 1272 1635 1322 ὀλυνθιακῶν,
1663 1287 1764 1329 (μεθ

248 1365 389 1394 unam
415 1350 629 1409 paginam
667 1355 714 1392 et
751 1349 988 1392 dimidiam
1022 1347 1234 1406 implent,
1259 1363 1352 1391 non
1388 1348 1511 1393 ultra
1547 1355 1761 1407 quartum

251 1426 471 1470 orationis
508 1439 690 1469 versum
726 1425 1051 1483 procedentia:
1089 1439 1195 1467 nam
1232 1425 1457 1468 finiuntur
1492 1424 1665 1468 scholio
1706 1425 1764 1468 ad

250 1501 391 1546 verba-
437 1503 499 1558 (p.
533 1517 576 1560 9,
606 1514 650 1556 4.
690 1500 760 1544 ed.
806 1500 988 1558 RelSli.)
1031 1499 1106 1543 ὅτε
1146 1499 1284 1543 τοίνυν
1324 1500 1447 1544 ταῦθ’
1490 1498 1619 1547 οὕτως
1659 1499 1763 1559 ἔχει.

250 1577 403 1620 Partis
450 1576 727 1635 posterioris,
766 1591 867 1634 quae
907 1576 1137 1619 orationes
1174 1574 1505 1619 Demosthenis
1553 1576 1764 1620 continet

250 1667 357 1696 cum
383 1651 566 1696 scholiis
591 1652 647 1695 ad
673 1651 928 1710 marginem
955 1651 1147 1709 scriptis,
1175 1650 1284 1695 folia
1309 1652 1537 1695 orationes
1565 1651 1721 1696 I.—V
1726 1651 1762 1694 I.

249 1734 297 1771 et
322 1727 440 1772 VH.
476 1742 622 1785 usque
660 1727 715 1770 ad
756 1742 798 1785 p.
829 1727 901 1777 81,
933 1741 1004 1770 12.
1044 1727 1289 1785 complexa
1332 1728 1618 1779 exciderunt,
1658 1742 1765 1785 sup-

248 1803 374 1861 pleta
415 1804 711 1862 postmodum
755 1803 812 1846 ab
856 1802 1039 1847 librario
1083 1803 1262 1848 duobus
1308 1803 1555 1846 minimum
1597 1802 1763 1846 seculis

248 1880 505 1923 recentiore
532 1894 637 1922 cum
671 1878 856 1922 scholiis
888 1879 1104 1923 brevibus
1130 1886 1176 1923 et
1202 1879 1426 1931 futilibus,
1453 1879 1605 1936 qualia
1632 1878 1763 1922 Blos-

248 1954 486 2012 chopulus,
509 1956 584 2012 qui
612 1954 856 2011 aliquoties
881 1956 927 1998 in
953 1956 1005 1999 iis
1030 1956 1306 2007 nominatur,
1328 1955 1594 2013 similesque
1613 1970 1763 2013 gram-

248 2030 405 2073 matici
427 2029 673 2088 Byzantini
700 2031 1004 2088 scripserunt:
1044 2047 1148 2090 quae
1171 2032 1367 2075 exscribi
1388 2047 1536 2089 operae
1561 2031 1763 2089 pretium

249 2119 341 2147 non
369 2104 470 2148 fuit..
540 2104 691 2148 Tanto
716 2106 902 2163 majoris
929 2106 1141 2150 facienda
1165 2112 1273 2149 sunt,
1297 2105 1470 2149 scholia
1494 2106 1636 2163 partis
1660 2105 1764 2149 reli-

250 2195 350 2238 quae
378 2187 546 2231 vetera,
573 2181 630 2223 ab
667 2182 857 2239 antiqua
893 2181 1034 2225 seculi
1072 2182 1304 2225 undecimi
1344 2196 1482 2225 manu
1517 2181 1761 2239 adscripta,

251 2271 351 2313 quac
376 2270 545 2314 magna
568 2256 754 2313 quidem
789 2272 849 2301 ex
882 2264 1011 2315 parte
1044 2257 1211 2302 similia
1243 2263 1350 2301 sunt
1383 2257 1566 2301 scholiis
1593 2258 1763 2301 codicis

252 2332 446 2376 Parisini
473 2332 533 2380 S„
561 2332 639 2376 sed
665 2333 814 2377 multo
840 2349 977 2391 quani
1003 2334 1126 2378 illius
1151 2334 1417 2392 copiosiora.
1455 2333 1662 2377 Parisino
1701 2333 1761 2376 Y.

252 2408 377 2453 omni
414 2423 471 2452 ex
504 2414 633 2466 parte
659 2409 819 2452 similis
846 2416 914 2453 est
942 2409 995 2454 L.
1024 2409 1335 2463 Florentinus,
1362 2410 1419 2454 de
1455 2425 1545 2467 quo
1581 2410 1677 2453 dixi
1715 2410 1762 2453 in

253 2483 532 2526 Praefatione
559 2483 645 2527 vol.
673 2483 710 2526 Ι.
746 2500 788 2542 p.
816 2500 889 2529 xv,
963 2485 1068 2529 Hoc
1103 2501 1213 2530 usus
1255 2500 1357 2530 sum
1398 2487 1446 2529 in
1482 2485 1666 2530 scholiis
1705 2486 1761 2530 ad

253 2558 507 2602 orationem
534 2565 693 2602 contra
718 2559 1075 2605 Androtionem.

319 2633 523 2685 Quartus
560 2634 765 2691 ejusdem
797 2638 978 2694 generis
1015 2637 1164 2680 codex
1198 2644 1268 2681 est
1307 2637 1538 2682 Parisinus
1575 2636 1612 2681 F
1617 2671 1643 2692 .‚
1682 2639 1760 2696 qui

253 2724 395 2768 quum
435 2709 608 2753 scholia
644 2709 843 2768 plurima
881 2726 985 2754 cum
1025 2711 1070 2755 S.
1106 2718 1153 2755 et
1179 2711 1240 2756 Y.
1276 2714 1541 2757 communia
1576 2713 1761 2765 habeat,

251 2784 351 2829 aliis
382 2799 475 2829 non
500 2786 656 2843 paucis
683 2792 820 2829 caret.
893 2786 1091 2831 Scholiis
1123 2789 1169 2831 in
1204 2790 1434 2833 orationes
1459 2789 1761 2848 Olynthiacas
