1977 3209
739 132 818 172 DE
852 133 1136 174 ULPIANO.
1607 137 1695 176 xliii

187 234 345 275 inficias
375 235 517 275 iverim
549 236 770 277 orientales
801 238 912 291 ipsos
942 239 1166 292 aliquando
1196 252 1358 278 menses
1394 253 1469 291 per
1504 239 1695 281 Romana

185 301 430 354 simpliciter
453 302 622 342 nomina
650 304 858 344 extulisse.
920 305 1015 345 Hoc
1044 305 1208 358 quidem
1242 318 1323 343 non
1353 308 1418 344 est
1442 306 1691 359 negandum.

187 366 254 406 Sic
284 367 394 406 enim
416 362 676 421 Epiphanius
702 370 752 408 (le
783 370 1042 410 Ponderibus
1065 375 1107 410 et
1131 370 1341 410 Mensuris
1363 385 1450 423 cap.
1476 383 1540 411 20.
1601 371 1692 423 Ἐφ’

185 435 238 473 ὧν
270 436 522 484 ἐτελεύτησεν
553 436 573 473 ὁ
604 436 933 477 Οὐαλεντινιανὸς
964 438 984 475 ὁ
1021 438 1220 487 νεώτερος,
1249 437 1330 478 υἱὸς
1361 437 1693 478 Οὐαλεντινιανοῦ

183 504 250 539 τοῦ
269 501 456 552 μεγάλου,
480 502 645 552 εὑρεθεὶς
666 502 778 552 ἄφνω
801 503 842 542 ἐν
863 504 913 556 τῷ
936 505 1123 556 Παλατίῳ
1145 502 1402 555 πεπνιγμένος
1423 504 1470 545 ὡς
1495 505 1627 555 λόγος,
1652 506 1694 544 ἐν

184 566 297 606 εἰδοῖς
318 564 473 606 Maiam
538 565 710 606 Petavio
732 566 973 620 interprete.
1039 569 1190 614 Quibus
1216 583 1314 609 coss.
1352 573 1425 621 (sc.
1448 569 1630 609 Arcadio
1654 582 1691 615 2,

183 635 225 671 et
247 631 418 681 Rufino)
442 637 622 672 mortuus
652 637 710 672 est
748 634 1056 674 Valentinianus
1073 636 1219 686 junior
1251 637 1527 675 Valentiniani
1557 637 1694 688 mayni

172 697 289 749 filius
305 717 315 737 .·
348 701 416 750 (sui
446 701 625 749 subinde,
647 701 707 739 uti
718 700 874 751 ferunt,
889 701 1139 753 praefocatus
1166 703 1209 741 in
1230 703 1393 753 palatio
1414 706 1598 754 repertus
1619 706 1691 751 est,

181 764 320 804 idibus
340 766 462 805 Maii.
523 767 584 806 At
609 766 731 819 paulo
753 771 900 820 postea
925 782 969 806 se
994 767 1166 821 corrigit
1194 768 1345 822 praesul
1374 768 1691 817 eruditissimus,

181 831 245 871 his
266 833 414 872 verbiS.
469 831 550 872 ςΗν
572 835 612 872 δὲ
635 833 714 873 κατ’
740 836 971 886 Αἰγυπτίους
991 837 1077 874 τότε
1097 836 1214 885 μηνὸς
1236 837 1383 888 Παχὼν
1402 837 1470 885 μία
1491 837 1553 875 καὶ
1575 838 1690 883 εἰκὰς,

182 901 279 938 κατὰ
300 901 340 938 δὲ
355 898 557 948 θΈλληνας
576 898 822 950 Ἀρτεμισίου
844 902 948 950 τρίτη
972 901 1032 940 καὶ
1064 903 1177 949 εἰκὰς,
1201 904 1298 940 κατὰ
1317 901 1528 951 Ῥωμαίους
1555 904 1596 941 δὲ
1617 902 1690 953 πρὸ

181 967 371 1004 δεκαεπτὰ
391 968 591 1004 καλανδῶν
610 964 790 1005 Ἰουνίων.
855 966 1062 1006 Peta·.·ius.
1106 967 1215 1005 Erat
1237 971 1320 1005 tum
1341 968 1452 1018 apud
1470 968 1694 1019 AEyyptios

180 1032 327 1069 mensis
362 1032 531 1070 Paelton
567 1032 652 1070 dies
686 1033 875 1071 vicesima
904 1034 1069 1083 prinum
1100 1033 1229 1083 juoeta
1273 1033 1436 1072 Graecos
1477 1034 1691 1073 Artemisii

179 1098 326 1135 mensis
361 1099 483 1136 tertia
517 1102 554 1136 et
588 1099 803 1143 vieesz‘mm
836 1099 1053 1137 secundum
1090 1098 1301 1137 Romanos
1337 1099 1489 1138 decimo
1523 1101 1691 1151 septimo

180 1163 338 1202 kalend.
373 1165 532 1203 Junias.
597 1164 740 1216 Neque
777 1178 874 1204 sane
909 1164 949 1203 id
987 1164 1029 1204 in
1069 1169 1312 1205 enarratore
1353 1165 1691 1218 reprehenderim

180 1229 289 1280 quod
320 1229 544 1282 aliquando
576 1231 647 1270 sed
682 1231 791 1283 quod
825 1245 987 1284 semper
1019 1245 1089 1271 eos
1122 1231 1183 1270 ita
1213 1230 1377 1271 extulit.
1441 1231 1584 1284 Atque
1614 1232 1692 1271 hoc

179 1294 346 1347 quidem
377 1295 419 1334 in
452 1296 679 1350 Ulpianum
702 1297 1011 1337 Antiochenum
1034 1298 1180 1337 cadere
1203 1297 1389 1351 potuisse
1410 1297 1478 1336 vix
1506 1311 1691 1350 unquam

179 1361 438 1401 crediderim.

238 1429 275 1479 ξ.
304 1441 364 1481 ¹3·
400 1428 545 1482 Neque
580 1429 721 1482 aptius
755 1444 888 1469 {evum
925 1429 1179 1484 Ulpianeum
1213 1433 1336 1469 sonat
1367 1428 1465 1468 illud
1497 1429 1548 1468 ad
1582 1433 1689 1469 orat.

179 1495 227 1533 de
246 1494 363 1546 falsa
391 1497 602 1547 legatione.
664 1495 734 1536 Ἐν
755 1498 796 1536 δὲ
822 1500 900 1538 τοῖς
921 1496 1184 1548 ἀρχαιοτέροις
1208 1496 1384 1546 βιβλίοις
1410 1496 1626 1546 εὑρίσκεται
1646 1495 1689 1534 τὸ

178 1562 395 1611 πρόσωπον.
457 1563 508 1601 In
536 1563 739 1602 codicibus
767 1568 899 1602 aedem
927 1563 1225 1614 antiquioribus
1245 1563 1448 1601 invenitur
1468 1563 1686 1612 πρόσωπον.

180 1627 263 1668 Per
292 1630 468 1679 βιβλίοις
498 1630 627 1670 voluit
659 1630 922 1682 ἀντιγράφοις,
956 1630 1263 1681 eoeemplaribus.
1330 1629 1397 1668 Ita
1432 1628 1541 1668 enim
1576 1629 1689 1682 apud

177 1699 339 1735 veteres
380 1696 632 1749 exemplaria
676 1697 793 1736 reddi
835 1697 1035 1737 solebant.
1112 1695 1331 1735 Demosth.
1376 1695 1493 1735 Orat.
1539 1700 1689 1735 contra

178 1762 347 1815 Leptin.
391 1765 456 1812 τῆς
478 1764 623 1813 στήλης
643 1766 690 1803 τὰ
708 1765 938 1815 ἀντίγραφα.
979 1764 1142 1802 Auctor
1153 1761 1466 1815 antiquissimus
1483 1762 1532 1801 de
1552 1761 1686 1801 LXX

177 1829 326 1883 interp.
364 1829 418 1869 ad
452 1829 745 1870 Timocratem.
800 1831 1027 1880 δηλώσομεν
1058 1829 1099 1868 δέ
1131 1845 1194 1868 σοι
1221 1830 1308 1879 περὶ
1343 1831 1408 1877 τῆς
1441 1831 1686 1878 κατασκευῆς,

179 1896 228 1936 ὡς
254 1895 302 1935 ἂν
329 1898 376 1935 τὰ
404 1899 480 1935 τῶν
502 1897 721 1936 ἐπιστολῶν
742 1897 963 1947 ἀντίγραφα
991 1895 1211 1944 διέλθωμεν.
1275 1893 1490 1933 Philemon
1518 1893 1686 1934 criticus

178 1961 483 2001 vetustissimus
513 1962 685 2001 mendas
715 1962 968 2015 appellabat,
1001 1960 1136 2014 inquit
1173 1960 1444 2000 Oasaubonus
1482 1959 1605 1999 Praef.
1644 1960 1685 1998 in
1703 1979 1752 2015 29

177 2027 333 2067 Athen.
365 2030 433 2069 τὰς
461 2029 502 2067 ἐν
523 2032 601 2069 τοῖς
623 2027 874 2079 ἀντιγράφοις
901 2028 1200 2077 ἐμμεμενηκυίας
1228 2025 1493 2076 ἡμαρτημένας
1520 2025 1687 2077 γραφάς.

179 2094 347 2148 Origcn.
372 2100 480 2134 cont.
506 2094 681 2142 Celsum,
704 2093 773 2133 lib.
798 2108 837 2146 5.
899 2097 1009 2134 Κατὰ
1029 2096 1101 2143 μὲν
1122 2096 1170 2132 τὰ
1192 2095 1300 2132 κοινὰ
1320 2096 1396 2132 τῶν
1419 2091 1682 2144 ἀντιγράφων.

177 2161 296 2201 Idem
317 2161 359 2200 in
381 2161 481 2201 Joh.
502 2165 604 2201 tom.
630 2163 667 2201 6.
692 2162 753 2201 cd.
780 2161 913 2201 Huet.
974 2161 1031 2200 Τὸ
1058 2160 1239 2211 μέντοιγε
1263 2160 1505 2209 ἡμαρτῆσθαι
1537 2160 1579 2198 ἐν
1606 2162 1687 2200 τοῖς

176 2226 424 2278 Ἑλληνικοῖς
458 2227 709 2279 ἀντιγράφοις
743 2230 790 2267 τὰ
821 2228 906 2278 περὶ
937 2231 1011 2266 τῶν
1038 2224 1239 2275 ὀνομάτων
1268 2227 1485 2276 πολλαχοῦ,
1519 2224 1580 2263 καὶ
1609 2223 1686 2263 ἀπὸ

181 2295 319 2334 τούτων
340 2295 387 2334 ἄν
406 2311 462 2335 τις
483 2295 669 2344 πεισθείη·
703 2296 746 2334 ἐν
766 2298 844 2336 τοῖς
876 2293 1119 2345 εὐαγγελίοις
1149 2293 1172 2342 ἡ
1200 2292 1286 2342 περὶ
1312 2291 1397 2333 τοὺς
1419 2291 1491 2330 ὑπὸ
1513 2295 1588 2330 τῶν
1610 2294 1687 2331 δαι-

177 2361 322 2410 μονίων
354 2360 764 2411 κατακρημνιζομένους
794 2361 992 2409 οἰκονομία
1023 2360 1100 2399 830.
1162 2357 1253 2411 (Ita
1283 2357 1377 2411 lego
1407 2357 1496 2397 haec
1527 2357 1685 2406 ultima,

178 2440 260 2465 non
291 2428 466 2476 πεισθείη
499 2428 541 2466 ἐν
572 2430 649 2468 τοῖς
682 2427 936 2477 εὐαγγελίοις·
978 2426 1000 2475 ἡ
1031 2425 1117 2475 περὶ
1147 2424 1234 2466 τοὺς
1256 2424 1331 2464 &Q
1363 2428 1411 2463 ut
1441 2423 1616 2476 pessime
1646 2424 1687 2463 in

178 2492 298 2544 edit.)
360 2493 591 2533 Ferrarius.
636 2494 857 2532 Peccatum
887 2493 1069 2544 equidem
1078 2490 1318 2542 frequenter
1327 2489 1460 2541 fitis-se
1481 2491 1524 2529 in
1549 2491 1688 2530 Genti-

178 2560 276 2598 lium
295 2560 603 2610 exemplaribus,
626 2560 794 2610 indeque
824 2563 964 2598 errata
994 2559 1037 2597 in
1068 2557 1303 2608 Evanyeliis
1333 2557 1538 2595 translata
1557 2557 1689 2608 facile

178 2627 267 2677 quis
289 2626 441 2665 credat.
504 2625 636 2675 Quam
666 2625 817 2678 inepto,
841 2638 965 2678 quam
994 2624 1248 2664 oscitanter!
1293 2622 1445 2662 Totam
1466 2623 1687 2675 periochem

178 2691 244 2731 hic
265 2695 313 2730 ut
333 2691 429 2731 alibi
452 2691 683 2731 sexcenties
704 2690 851 2730 misere
872 2690 1109 2731 intervertit
1132 2695 1174 2729 et
1202 2688 1430 2742 corrumpit
1454 2689 1684 2729 Ferrarius.

179 2757 251 2797 Ita
277 2757 427 2811 potius,
449 2757 491 2796 ni
519 2757 653 2804 fallor,
680 2756 825 2811 refingi
854 2757 1011 2797 debuit.
1070 2757 1129 2796 Et
1159 2756 1317 2795 subesse
1347 2756 1505 2806 quidem
1534 2756 1688 2793 Graecis

178 2824 475 2875 eoeemplaribus
509 2824 675 2863 mendas
713 2837 980 2875 saepenumero
1018 2824 1129 2863 circa
1170 2823 1345 2869 nomina,
1381 2821 1525 2860 winde
1564 2821 1687 2859 etiam
