1977 3209
562 505 1273 568 PRAEFATIO.

163 825 478 900 SCHOLIA
505 855 667 901 Graeca
692 858 737 900 in
766 857 1135 902 Demosthenem
1169 857 1226 900 ad
1261 856 1442 900 codices
1468 855 1677 899 recensui

160 933 399 983 tredecim,
433 948 630 990 quorum
667 933 760 976 duo
797 939 905 977 sunt
943 933 1267 984 illonacenseffi
1302 947 1420 975 unus
1447 931 1678 975 Florenti-

159 1023 259 1059 nus,
281 1009 441 1051 decem
470 1008 764 1052 bibliotheca?
791 1007 1013 1052 Parisinae
1039 1008 1272 1058 maximae,
1294 1008 1466 1050 eximie
1490 1007 1677 1064 adjutus

160 1082 381 1127 Friderici
410 1082 650 1126 Duebneri
678 1084 729 1126 'in
767 1084 1004 1128 codicibus
1029 1083 1322 1128 conferendis
1355 1082 1597 1141 diligentia
1629 1087 1677 1125 et

158 1158 511 1216 perspicacitate
536 1158 747 1216 plurimis
773 1159 1037 1217 hujusmodi
1062 1159 1296 1203 laboribus
1321 1158 1528 1216 probata.
1591 1156 1677 1201 Est

158 1239 316 1277 autem

223 1307 281 1353 A.
320 1308 619 1354 BIonacensis
643 1311 754 1369 485.
778 1311 1161 1356 membranaceus
1186 1310 1331 1355 seculi
1356 1309 1606 1353 undecimi.

223 1383 277 1428 B.
318 1384 615 1429 Monacensis
643 1386 717 1444 85.
745 1386 1051 1445 bombycinus
1078 1386 1220 1430 seculi
1246 1386 1416 1430 decimi
1443 1385 1584 1429 tertii.

223 1458 275 1503 C.
313 1460 546 1505 Parisinus
574 1462 714 1522 2946.
741 1462 1012 1506 chartaceus
1039 1463 1180 1507 seculi
1208 1463 1376 1506 decimi
1402 1461 1564 1519 quinti.

222 1537 283 1581 D.
321 1536 555 1582 Parisinus
590 1552 733 1598 2944.
773 1539 902 1597 (olim
942 1539 1050 1595 684,
1088 1544 1135 1583 et
1176 1537 1336 1598 2769.)
1371 1537 1675 1596 bombycinus

156 1613 299 1657 seculi
326 1613 493 1657 decimi
521 1614 684 1671 quinti.

224 1688 277 1731 Ε.
316 1688 551 1732 Parisinus
585 1689 910 1747 Supplementi
941 1690 1048 1748 256.
1077 1689 1381 1748 bombycinus
1417 1687 1560 1731 seculi
1597 1688 1677 1731 de-

156 1764 263 1808 cimi
297 1765 422 1808 tertii
460 1766 690 1808 exeuntis.
762 1764 1045 1823 Inscriptum
1080 1763 1305 1825 Θεοδώρου
1339 1768 1419 1808 τοῦ
1450 1763 1677 1823 Σοφιανοῦ

155 1839 274 1882 πέλει
308 1839 491 1894 βιβλίον
521 1839 636 1891 τόδε,
664 1841 965 1899 postmodum
994 1840 1148 1884 Πέπου
1175 1840 1395 1884 Παντῖνου
1421 1839 1673 1893 Τιλεταίου,

155 1916 228 1960 cui
259 1916 424 1959 tertius
462 1918 682 1961 successit
716 1933 945 1975 possessor
978 1914 1188 1977 Κιέρολος
1214 1916 1442 1976 Βερβέκιος
1469 1915 1674 1975 Κορτκα-

154 1998 274 2042 κῖνος,
300 2007 326 2035 a
351 2007 443 2049 quo
468 1992 524 2034 ad
550 1992 791 2036 Andream
818 1992 1065 2036 Schottum
1094 1993 1318 2050 pervenit.

222 2067 272 2110 F.
310 2067 546 2111 Parisinus
576 2080 716 2127 2995.
736 2068 975 2128 eleganter
999 2069 1196 2126 scriptus
1222 2068 1270 2110 in
1295 2067 1455 2111 charta
1480 2066 1673 2125 bomby-

155 2144 257 2187 cina
283 2142 438 2187 seculo
464 2144 645 2187 decimo
670 2145 826 2188 tertio.

220 2217 279 2261 G.
316 2216 551 2262 Parisinus
599 2219 739 2279 2946.
783 2217 913 2275 (olim
958 2219 1066 2277 784.
1105 2224 1153 2261 et
1198 2217 1358 2277 2772.)
1402 2217 1672 2261 chartaceus

153 2308 294 2337 manu
319 2292 522 2352 eleganti
557 2295 754 2352 scriptus
788 2294 944 2338 seculo
975 2294 1156 2337 decimo
1182 2298 1330 2337 sexto.
1402 2292 1495 2336 Hic
1521 2293 1670 2337 codex

155 2375 200 2412 et
227 2368 343 2412 C.D.
371 2368 544 2413 scholia
569 2369 664 2414 sola
687 2370 873 2422 habent,
902 2375 1037 2413 textu
1062 2371 1246 2413 omisso.

219 2443 284 2487 H.
326 2444 557 2488 Parisinus
586 2460 610 2488 2
617 2446 725 2503 508.
752 2446 1024 2489 chartaceus
1050 2444 1193 2488 seculi
1220 2443 1387 2487 decimi
1413 2443 1578 2500 quarti.

221 2518 274 2562 L.
315 2518 351 2562 F
355 2519 611 2564 lorentinus
642 2520 935 2564 bibliotheca]
962 2520 1285 2564 Laurentiana¹
1320 2518 1467 2577 plutei
1494 2530 1569 2578 59.
1595 2533 1670 2563 co-

152 2594 243 2638 dex
270 2610 314 2654 9.
340 2595 721 2640 membranaceus
745 2596 886 2640 seculi
913 2596 1163 2639 undecimi.

217 2669 275 2712 R.
313 2669 548 2714 Parisinus
577 2671 717 2730 2936.
745 2671 873 2730 (olim
900 2671 1010 2730 380.
1037 2677 1084 2714 et
1111 2670 1266 2721 2188„
1292 2671 1413 2713 inter
1437 2669 1666 2713 Colberti-

152 2759 234 2789 nos
271 2745 429 2805 3769„
460 2746 507 2788 in
542 2746 754 2805 catalogo
795 2747 1009 2790 codicum
1042 2745 1312 2790 Graecorum
1356 2744 1537 2788 Nicolai
1573 2743 1666 2786 Ro-

153 2819 315 2877 dulphi
342 2820 598 2865 Cardinalis
630 2825 734 2880 17.)‚
756 2821 1137 2866 membranaceus
1163 2820 1304 2865 seculi
1332 2819 1496 2863 decimi
1523 2818 1662 2861 tertii.

882 2910 905 2933 a
929 2906 950 2933 2
