1977 3209
727 150 806 190 DE
840 150 1127 190 ULPIANO.
1557 152 1698 192 xxxvii

244 255 281 306 ᾧ.
300 266 338 304 9.
372 251 452 291 His
473 252 649 292 accedat
670 266 798 291 unum
815 251 877 290 vel
898 251 1077 291 alterum
1100 251 1337 290 Romanum
1358 266 1483 303 quam
1506 252 1699 293 Graecum

182 319 378 358 referens.
440 318 489 356 In
523 318 834 358 commentariis
866 318 920 357 ad
956 317 1191 357 orationem
1226 321 1375 357 contra
1409 318 1698 358 Timocratem

184 384 273 423 haec
295 384 436 423 habet.
498 385 546 422 Εἰ
578 383 619 422 δέ
648 400 704 424 τις
734 384 995 435 ἀγορανόμος]
1035 383 1118 422 ἔστι
1149 382 1178 422 δ’
1203 384 1457 433 ἀγορανόμος,
1482 385 1501 422 ὁ
1531 386 1698 434 ἐπόπτης

181 452 260 488 τῶν
281 450 405 488 ὠνίων
426 451 492 498 τῆς
520 450 675 500 ἀγορᾶς·
706 448 946 498 Ἀστυνόμος
976 451 1017 488 δὲ
1049 451 1069 487 ὁ
1103 450 1165 488 ἐπὶ
1196 452 1262 487 τοῦ
1294 448 1393 488 εἶναι
1425 452 1599 500 καθαρὰν
1630 450 1700 499 τὴν

183 516 301 554 πόλιν
322 516 630 567 ἀσχολούμενος,
652 517 672 553 ὁ
692 514 777 565 παρ’
803 518 949 553 ΗΜΙΝ
974 515 1121 565 Πατήρ.
1173 514 1368 553 ἎῘο111118.
1424 516 1471 553 Si
1493 517 1582 566 quis
1602 517 1698 555 cedi-

181 581 253 633 lis]
301 582 381 620 Est
416 585 549 620 autem
585 581 829 632 ἀγοράνομος
864 581 1069 631 inspector
1104 594 1239 619 reram
1279 582 1480 620 venalium
1515 583 1558 620 in
1586 581 1698 633 foro.

182 645 439 696 Ἀστύνομος,
462 649 530 698 qai
557 649 600 686 in
628 662 671 687 eo
694 651 917 698 occupatur
937 651 981 685 ut
1002 647 1098 685 'urbs
1118 647 1268 685 munda
1290 648 1357 693 sit,
1382 649 1450 697 qai
1480 648 1592 701 apud
1623 662 1698 688 nos

186 713 323 764 Πατὴρ
346 715 588 765 appellatur.
650 714 733 753 Hic
756 718 977 753 enarrator
1002 714 1124 767 plane
1146 718 1188 752 et
1209 718 1353 766 aperte
1383 727 1458 751 nos
1486 714 1609 753 docet
1630 714 1699 754 τὸν

184 779 428 819 Graecorum
450 781 670 830 ἀστυνόμον
691 781 734 819 in
762 794 930 819 suorum
959 780 1109 819 civium
1139 780 1281 833 lingna
1302 780 1364 819 vel
1396 780 1574 819 dialecto
1605 795 1699 833 pro-

184 845 273 898 prie
294 846 431 885 vocari
455 846 624 897 Πατέρα.
662 846 769 886 Nam
791 846 954 899 phrasis
975 846 1056 886 ista
1078 845 1165 897 παρ’
1184 847 1274 896 ἡμῖν
1292 846 1504 899 propriam
1524 846 1699 899 alicujus

183 912 364 966 regionis
386 912 609 952 dialectum
632 912 742 951 domi
764 917 910 952 natam
936 927 1019 951 non
1047 912 1213 951 aliunde
1242 913 1449 951 invectam
1478 912 1697 965 significat.

184 978 254 1018 Sic
272 979 600 1032 Harpocration.
631 977 982 1029 Ἀνακαλυπτήρια,
1007 982 1107 1029 δῶρα
1129 979 1309 1027 διδόμενα
1330 983 1412 1019 ταῖς
1435 980 1600 1029 νύμφαις
1621 980 1697 1019 &a

182 1048 304 1084 ταῦτα
339 1044 370 1084 δ’
409 1045 485 1084 εἶσὶ
520 1043 608 1094 παρ’
645 1045 736 1093 ἡμῖν
771 1046 977 1095 θεώρητρα.
1010 1058 1063 1083 80.
1102 1044 1143 1082 111
1181 1044 1359 1083 dialecto
1391 1044 1695 1085 Alexandrina.

187 1111 360 1151 Iterum.
411 1111 553 1158 Ἰπνὸς,
577 1113 800 1161 Λυκοῦργος
822 1112 863 1150 ἐν
884 1112 935 1163 τῷ
958 1112 1055 1149 κατὰ
1076 1111 1328 1161 Λυκόφρονος
1348 1111 1496 1164 πρώτῳ.
1529 1110 1642 1162 μέρος
1663 1113 1702 1151 τί

183 1178 360 1231 (rectius
381 1178 434 1229 τὶ)
459 1180 524 1227 τῆς
544 1178 665 1219 οἰκίας
692 1179 789 1217 οὕτω
819 1180 1009 1224 καλεῖται,
1030 1176 1073 1215 τὸ
1100 1177 1320 1228 λεγόμενον
1340 1175 1428 1228 παρ’
1451 1178 1542 1226 ἡμῖν
1561 1195 1697 1229 μαγει-

182 1248 301 1295 ρεῖον.
364 1243 613 1297 Hesychius.
659 1244 902 1294 Θριὸακίναι,
928 1243 1029 1283 εἶδος
1049 1242 1168 1292 μάζης
1189 1244 1293 1293 παρὰ
1311 1241 1514 1284 Ἀττικοῖς.
1562 1244 1636 1283 Καὶ
1659 1246 1698 1284 αἱ

182 1309 271 1361 παρ’
293 1311 384 1360 ἡμῖν
409 1313 594 1361 θρίδακες,
616 1310 700 1360 ἤτοι
721 1311 915 1359 μαϊούλια.
980 1309 1141 1348 Eodem
1163 1323 1297 1348 sensu.
1360 1309 1505 1349 Innuit
1526 1315 1697 1363 praeter-

172 1385 234 1416 ea
262 1381 406 1417 noster
433 1377 544 1430 apud
574 1391 669 1417 suos
690 1390 832 1416 vocem
854 1377 1074 1425 ἀστυνόμον
1095 1376 1157 1415 vel
1188 1390 1270 1414 11011
1300 1376 1469 1429 agnosci
1491 1377 1554 1416 vel
1585 1381 1698 1417 certe

180 1443 423 1483 exolevisse.
484 1443 628 1483 Primo
664 1457 761 1483 vero
802 1442 844 1481 in
879 1442 1068 1482 confesso
1105 1446 1170 1482 est
1211 1442 1323 1495 apud
1364 1456 1519 1490 omnes,
1556 1458 1697 1483 vocem

181 1509 308 1560 πατὴρ
329 1524 404 1563 pro
427 1515 619 1550 curatore
641 1509 824 1550 civitatis
845 1513 1078 1562 acceptam,
1099 1523 1247 1562 puram
1268 1513 1415 1562 putam
1436 1523 1524 1549 esse
1547 1510 1698 1551 Roma-

183 1590 296 1616 nam.
357 1578 667 1616 Atheniensium
703 1578 925 1626 ἀστύνομοι,
963 1577 1240 1616 Thebanorum
1276 1577 1517 1626 Telearclzce,
1549 1577 1698 1616 Roma-

181 1656 327 1682 norum
346 1647 490 1696 patres
511 1643 743 1691 civitatum,
767 1648 838 1682 aut
860 1647 1070 1683 curatores
1090 1644 1320 1694 reipublicce
1341 1657 1421 1681 wion
1440 1644 1559 1682 valde
1580 1644 1622 1682 di
1659 1658 1698 1683 e-

182 1714 279 1748 runt
322 1710 431 1749 inter
468 1724 525 1758 se,
564 1712 670 1750 sicut
715 1724 787 1750 nec
828 1711 1139 1749 Atheniensium
1186 1711 1438 1761 ἀγορανόμοι,
1479 1714 1517 1749 et
1563 1710 1699 1749 aediles
1715 1725 1762 1749 20

182 1775 472 1815 Romanorum.
590 1778 740 1816 Multis
775 1778 818 1816 in
858 1778 958 1816 locis
985 1777 1099 1828 juris
1137 1778 1212 1828 (sc.
1250 1776 1448 1827 Romani)
1491 1777 1699 1826 ἀστυνόμοι

185 1844 261 1893 (80.
285 1842 546 1895 Graecorum)
570 1848 713 1897 patres
734 1844 976 1894 simpliciter
994 1844 1058 1882 vel
1081 1847 1223 1895 patres
1249 1842 1467 1882 civitatum
1488 1847 1696 1882 vocantur.

304 1911 480 1950 Curator
509 1911 739 1962 reipublicae
770 1914 893 1962 pater
927 1908 1111 1949 civitatis
1143 1913 1208 1948 est
1238 1909 1301 1948 vel
1331 1908 1581 1958 Ἀστυνόμος.

185 1976 403 2027 Astynomi
432 1977 839 2027 igitur—aliquando
871 1980 1080 2014 curatores
1110 1975 1352 2025 reipublicce,
1376 1976 1595 2025 aliquando
1626 1990 1698 2027 pa-

186 2046 273 2080 tres
294 2041 510 2081 civitatum
534 2043 784 2081 dicebantur.
847 2042 988 2081 Pauca
1019 2042 1107 2081 haec
1141 2041 1410 2081 delibavimus
1439 2056 1490 2080 ex
1514 2041 1697 2095 Philippi

188 2107 401 2147 Maussaci
423 2108 534 2147 notis
557 2108 807 2148 doctissimis
829 2107 871 2146 in
890 2107 1271 2161 Harpocrationem
1292 2123 1331 2161 p.
1353 2109 1416 2147 80.
1478 2107 1557 2157 Qui
1577 2108 1698 2161 plura

186 2174 376 2222 voluerit,
394 2175 530 2228 ipsum
552 2175 743 2214 consulat
763 2178 1038 2227 auctoresque
1058 2175 1163 2213 bene
1184 2174 1338 2214 multos
1360 2188 1451 2227 quae
1472 2174 1698 2215 laudantur

185 2240 286 2280 ibid.
348 2241 558 2281 Caeterum
591 2255 643 2280 ex
675 2240 753 2280 illis
790 2255 881 2293 quae
916 2240 1166 2294 protulimus
1201 2244 1368 2280 constat
1398 2254 1539 2279 vocem
1575 2242 1698 2293 πατὴρ

187 2321 270 2346 11011
303 2307 469 2347 aliunde
502 2307 661 2347 venisse
692 2307 733 2346 in
767 2307 958 2347 Graecam
994 2306 1180 2359 linguam
1216 2311 1259 2346 et
1291 2307 1426 2346 locum
1457 2306 1698 2357 Ἀστυνόμου

186 2387 312 2427 quam
340 2388 391 2413 ex
419 2373 579 2427 legibus
602 2374 815 2414 Romanis.
878 2373 956 2413 2d0.
991 2373 1096 2412 Post
1119 2373 1291 2426 Ulpiani
1314 2373 1567 2413 Antiocheni
1595 2379 1697 2414 tem-

186 2453 290 2492 pora
325 2439 394 2479 diu
426 2440 674 2493 perdurasse
700 2439 810 2479 vocis
842 2441 1059 2489 ἀστυνόμος
1090 2453 1210 2478 11811111
1243 2440 1355 2492 apud
1386 2440 1571 2487 Graecos,
1604 2441 1698 2480 hinc

185 2505 332 2558 liquet.
393 2506 643 2559 Hesychius,
668 2505 995 2559 Harpocration,
1026 2505 1188 2553 Suidas,
1220 2506 1553 2560 Etymologicum
1577 2507 1697 2561 Mag-

186 2585 287 2611 num
307 2586 400 2612 eam
431 2587 555 2625 quam
584 2572 680 2611 olim
711 2572 857 2612 habuit
888 2572 1235 2626 significationem
1260 2572 1337 2625 ipsi
1359 2572 1566 2621 tribuunt,
1588 2574 1699 2614 nulla

187 2642 255 2678 τοῦ
277 2638 432 2689 Πατρὸς
456 2638 733 2692 explicatione
760 2639 918 2679 addita.
980 2638 1143 2678 Deinde
1167 2637 1386 2677 Philoxeni
1410 2638 1567 2678 Glossae
1597 2640 1698 2679 satis

188 2704 480 2744 demonstrant
500 2709 589 2744 tam
612 2705 857 2755 ἀγορανόμον
879 2719 1004 2758 quam
1025 2705 1245 2753 ἀστυνόμον
1265 2704 1400 2743 10011111
1421 2705 1556 2744 adhuc
1578 2719 1697 2744 suum

187 2770 383 2811 tenuisse.
451 2771 609 2811 Glossae
649 2771 742 2811 Lat.
781 2772 915 2811 Graec.
951 2771 1183 2818 AEclilatus,
1225 2771 1449 2820 ἀστυνομία.
1516 2772 1699 2820 AEcliles,

187 2838 434 2889 ἀγορανόμοι.
497 2838 672 2886 AEdHis,
714 2838 967 2889 ἀγορανόμος,
1010 2837 1259 2888 ἀγορονόμος.
1329 2836 1436 2887 (Ubi
1476 2837 1583 2876 forte
1622 2851 1698 2889 pro
