1977 3209
255 144 295 182 iv
810 144 1212 183 PRAEFATIO.

321 251 368 294 S.
408 250 639 295 Parisinus
668 265 807 310 2934.
833 252 962 305 (olim
991 265 1093 310 125.
1120 258 1167 296 et
1191 254 1367 311 2137.),
1389 251 1769 296 membranaceus

255 323 397 366 seculi
422 325 672 369 undecimi.

320 399 370 442 T.
410 399 641 443 Parisinus
669 415 809 461 2940.
837 401 1139 459 bombycinus
1165 400 1305 444 seculi
1333 401 1500 444 decimi
1528 402 1668 446 tertii.

321 473 379 518 Y.
419 474 651 519 Parisinus
685 488 824 536 2935.
853 476 981 532 (olim
1021 476 1181 536 2819.)
1208 476 1588 521 membranaceus
1624 477 1766 522 seculi

253 550 504 593 undecimi.

319 625 549 670 Praeterea
585 627 868 671 editionibus
902 642 1011 671 usus
1045 642 1146 670 sum
1180 627 1373 679 duabus,
1400 642 1592 685 quarum
1623 628 1769 673 altera

251 706 366 753 tota,
392 701 537 745 altera
562 704 731 760 partim
758 718 817 746 ex
843 703 1080 746 codicibus
1106 703 1314 746 derivata
1339 709 1422 755 est,

315 776 374 820 V.
412 776 588 820 Aldina
635 779 743 821 anni
793 790 934 838 1503.
982 779 1202 836 inscripta
1243 785 1267 801 ‘⁶
1288 777 1539 822 Οὐλπιανοῦ
1584 781 1770 839 ῥήτορος

251 860 275 876 “
301 852 607 912 προλεγόμενα
642 853 696 900 εἴς
726 874 777 897 τε
809 853 907 901 τοὺς
939 853 1208 902 ὀλυινθιακοὺς
1240 854 1305 897 καὶ
1333 854 1616 914 φιλιππικοὺς
1642 853 1770 906 δημο-

251 932 277 951 “
304 927 475 975 σθένους
499 928 673 986 λόγους.
740 928 985 988 Ἐξήγηο-ις
1010 928 1334 988 ἀναγκαιοτάτη
1369 932 1422 978 εἷς
1455 929 1666 991 δεκατρεῖς
1690 935 1770 974 τοῦ

250 1009 274 1026 “
302 1001 582 1054 δημοσθένους
624 1004 824 1063 λόγους.”
893 1006 1137 1050 Tredecim
1180 1022 1324 1064 quum
1368 1007 1479 1050 dicit
1522 1008 1768 1058 orationes,

249 1079 402 1122 minus
428 1081 640 1137 promisit
667 1096 804 1139 quam
832 1082 1061 1140 praestitit.
1117 1081 1240 1126 Nam
1270 1082 1413 1125 editio
1439 1081 1615 1126 Aldina
1639 1082 1770 1127 scho-

249 1153 309 1197 lia
337 1155 667 1213 complectitur
691 1157 738 1199 in
765 1159 996 1201 orationes
1027 1158 1360 1216 duodeviginti,
1388 1159 1645 1201 secundum
1671 1158 1768 1216 ejus

253 1230 478 1281 ordinem,
512 1232 605 1283 has,
640 1246 777 1288 1—4.
803 1248 871 1277 10.
897 1248 966 1277 11.
987 1249 1061 1277 22.
1081 1249 1155 1277 21.
1182 1233 1250 1278 18.
1284 1248 1354 1293 19.
1383 1248 1457 1293 23.
1486 1247 1561 1288 24.
1590 1248 1663 1276 20.
1697 1248 1768 1292 13.

259 1320 330 1361 14.
359 1321 429 1365 15.
457 1307 527 1350 16.
555 1320 638 1367 17.,
666 1308 692 1350 i.
711 1323 748 1352 e.
777 1307 1081 1367 Olynthiacas
1107 1308 1321 1360 I.—III.,
1350 1308 1632 1366 Philippicas
1658 1309 1694 1352 I.
1720 1314 1770 1352 et-

254 1381 356 1434 IV.,
379 1382 764 1435 Androtioneam,
794 1383 1070 1437 BIidianam,
1099 1384 1171 1428 De
1196 1400 1381 1438 corona,
1408 1384 1481 1428 De
1507 1384 1620 1428 falsa
1644 1383 1769 1443 lega-

251 1458 391 1509 tione,
418 1457 796 1509 Aristocrateam,
822 1459 1178 1512 Timocrateam,
1211 1460 1503 1518 Leptineam,
1540 1459 1612 1503 Dc
1649 1459 1770 1503 ordi-

252 1534 404 1577 nanda
445 1535 696 1592 republica,
737 1535 809 1578 De
851 1537 1125 1594 symmoriis‚
1158 1535 1248 1580 Pro
1290 1535 1654 1596 Megalopolitis,
1694 1534 1768 1579 De

256 1608 545 1653 Rhodiorum
594 1610 823 1661 libertate,
872 1611 946 1654 De
994 1612 1167 1655 foedere
1215 1611 1547 1661 Alexandre03
1602 1610 1769 1668 quibus

251 1683 418 1727 finibus
455 1684 629 1728 scholia
663 1685 886 1742 ampliora
922 1686 968 1728 in
1008 1686 1244 1730 codicibus
1281 1701 1465 1744 quoque
1501 1686 1580 1744 qui
1616 1685 1768 1729 adhuc

252 1759 557 1803 innotuerunt
583 1761 798 1804 omnibus
828 1762 1139 1805 continentur.
1212 1762 1334 1806 Nam
1371 1777 1471 1819 quae
1507 1763 1563 1805 ad
1600 1762 1770 1806 oratio-

251 1848 334 1878 nes
376 1835 573 1893 reliquas
616 1837 662 1879 111
705 1837 920 1880 codicum
960 1837 1244 1896 marginibus
1286 1837 1361 1880 hic
1409 1836 1503 1880 illic
1546 1842 1770 1880 annotata

252 1910 548 1966 reperiuntur
584 1911 698 1954 nihil
740 1918 848 1955 sunt
889 1912 976 1955 nisi
1020 1912 1294 1956 tenuissima
1331 1912 1607 1956 scholiorum
1648 1912 1771 1971 frag-

251 1991 424 2028 menta.
497 1985 607 2029 Non
645 1986 955 2030 dubitandum
1000 1993 1159 2030 tamen
1196 1988 1306 2044 quin
1342 1987 1412 2030 hae
1449 2003 1633 2045 quoque
1669 2003 1771 2031 ora-

252 2059 402 2103 tiones
428 2062 463 2104 si
489 2076 580 2104 non
608 2077 782 2114 omnes,
810 2068 936 2106 certe
972 2063 1205 2121 pleraeque
1231 2063 1561 2121 copiosioribus
1587 2063 1770 2107 scholiis

253 2134 499 2180 iilustratae
541 2137 727 2187 fuerint,
766 2152 961 2194 quorum
1000 2139 1194 2197 vestigia
1235 2139 1444 2197 quaedam
1488 2139 1611 2183 inter
1651 2139 1771 2198 frag-

253 2216 413 2253 menta
436 2211 529 2262 illa,
557 2227 656 2268 quae
681 2227 740 2254 ex
769 2212 1004 2256 codicibus
1037 2215 1204 2257 nostris
1237 2213 1449 2257 nonnihil
1478 2221 1615 2258 aucta
1639 2214 1771 2257 exhi-

252 2284 431 2337 bemus,
469 2286 895 2344 deprehenduntur,
935 2289 1058 2332 inter
1097 2304 1195 2346 quae
1240 2290 1416 2332 eminet
1458 2289 1664 2334 scholion
1710 2290 1768 2334 ad

257 2359 513 2403 orationem
541 2360 716 2418 (LIV.)
743 2363 961 2406 adversus
988 2363 1229 2408 Cononem
1254 2380 1296 2422 p.
1331 2365 1466 2423 1256,
1499 2380 1535 2408 1.
1562 2381 1620 2408 ex
1646 2365 1771 2408 codi-

255 2433 384 2477 cibus
412 2433 686 2479 Monacensi
713 2436 772 2480 A.
799 2443 846 2480 et
872 2437 1081 2483 Parisino
1108 2439 1164 2482 R.
1192 2446 1392 2490 erutum,
1420 2441 1543 2498 quod
1578 2441 1768 2484 doctum

256 2514 303 2551 et
330 2510 571 2567 antiquum
599 2513 957 2569 grammaticum
983 2515 1152 2571 prodit.

320 2582 488 2628 Altera
527 2600 663 2642 quam
703 2587 912 2630 dicebam
958 2589 1102 2632 editio
1141 2596 1209 2634 est
1249 2590 1299 2633 P.
1343 2592 1438 2634 sive
1482 2589 1688 2634 Parisina
1728 2605 1766 2633 a.

261 2670 397 2717 1570.
429 2660 486 2703 ab
523 2659 761 2704 Gulielmo
794 2661 1010 2713 Morelio‚
1038 2665 1326 2724 typographo
1363 2666 1501 2724 regio,
1539 2665 1769 2716 inchoata,

253 2741 358 2790 post
394 2741 592 2779 mortem
631 2736 727 2792 ejus
764 2738 1033 2782 continuata
1066 2740 1123 2783 ab
1149 2741 1372 2798 Dionysio
1400 2740 1626 2784 Lambino
1660 2740 1768 2783 inde

253 2808 310 2850 ab
336 2810 544 2854 oratione
570 2810 626 2854 de
653 2810 764 2854 falsa
790 2811 1038 2870 legatione.
