1977 3209
747 128 826 168 DE
860 125 1146 168 ULPIANO.
1582 126 1711 166 xxxix

206 250 296 276 cum
317 236 390 284 ait,
419 235 648 282 Undecimo,
672 232 905 271 duodecimo
930 232 1055 282 leyem
1077 230 1170 269 tulit
1193 229 1537 269 Saturnaliorum.
1585 231 1711 269 Dein-

207 316 298 354 ceps
318 315 396 341 non
405 301 499 352 jam
519 304 567 339 ut
589 313 676 346 nos,
700 298 772 337 scd
794 312 886 337 cum
914 297 1129 337 additione
1150 300 1376 335 numerant.
1442 295 1491 334 In
1521 295 1587 335 his
1617 296 1713 336 ulti-

206 369 286 407 mis
306 382 354 407 eo
376 366 478 406 dicit
503 380 529 405 a
557 364 641 404 suis
663 364 899 416 discrepare
922 362 1204 402 Athenienses
1236 361 1277 400 in
1309 375 1575 401 numerorum
1605 363 1713 402 ordi-

207 435 361 475 nalium
384 432 681 487 supputatione
708 446 733 471 a
761 430 978 470 duodecim
999 443 1129 482 usque
1149 429 1204 469 ad
1226 428 1382 483 viginti,
1407 428 1517 480 quod
1539 427 1595 467 illi
1618 431 1715 468 κατὰ

207 500 431 552 προσθήκην
451 501 735 544 numerarent,
759 497 821 536 sui
843 510 925 535 non
946 496 1059 535 item.
1122 495 1227 535 Haec
1258 508 1356 535 sane
1387 508 1413 533 a
1444 494 1606 534 nemine
1636 494 1714 534 nisi

208 568 398 608 Romano
417 566 479 606 vel
500 563 862 605 Romano-Graeco
883 561 1086 616 proficisci
1110 575 1293 614 unquam
1314 564 1555 614 potuerunt.
1603 561 1715 600 Nam

208 634 345 674 Graeci
368 646 510 674 omnes
540 632 581 670 in
612 629 794 670 numeris
816 628 1070 669 ordinalibus
1092 643 1117 668 a
1139 627 1355 667 duodecim
1376 627 1430 667 ad
1450 626 1597 681 viginti
1620 629 1716 666 κατὰ

207 700 432 751 προσθήκην
453 698 537 738 sive
558 712 651 737 cum
676 696 909 749 adjectione
931 694 1176 748 copulativae
1199 695 1260 734 καὶ
1281 695 1570 734 numerabant.
1632 693 1716 732 Ex-

208 766 344 819 empla
368 765 523 819 passim
545 768 587 804 et
608 763 759 816 ubique
789 767 886 802 sunt
917 761 1050 809 obvia,
1073 761 1279 800 sufficiant
1300 774 1396 800 vero
1418 758 1716 813 impraesentia-

208 846 301 871 rum
331 832 399 871 illa
431 846 522 884 quae
551 834 794 883 sequuntur.
858 828 1066 868 Henricus
1088 827 1326 880 Stephanus
1351 827 1405 866 ad
1435 826 1589 866 calcem
1612 825 1717 865 The-

208 898 319 938 sauri
343 898 405 937 sui
427 897 563 937 Graeci
585 901 808 950 postquam
836 899 959 934 notas
986 908 1253 933 numerorum
1275 893 1446 933 Graeeas
1473 896 1636 932 veteres
1666 906 1718 931 ex

210 964 453 1004 Herodiano
474 964 743 1016 produxeram
767 976 817 1001 ex
838 962 1024 1015 professo
1053 961 1201 1000 deinde
1230 959 1317 1013 agit
1349 959 1436 1012 ipse
1464 959 1513 998 de
1545 957 1718 998 nomini—

208 1031 286 1071 bus
311 1030 578 1077 ordinalibus,
601 1043 731 1081 eaque
762 1028 823 1068 ita
852 1032 1040 1067 recenset
1070 1030 1167 1080 post
1195 1025 1422 1071 δωδέκατον,
1456 1023 1719 1075 τρισκαιδέκα-

207 1114 285 1146 τος,
322 1095 754 1147 τεσσαρεσκαιδέκατος,
792 1093 1145 1139 πεντεκαιδέκατος,
1185 1091 1462 1139 ἑκκαιδέκατος,
1497 1094 1540 1130 et
1577 1089 1719 1129 simili-

207 1168 275 1203 ter
295 1177 424 1216 usque
445 1163 499 1202 ad
520 1161 678 1215 viginti.
727 1159 967 1200 Priscianus
988 1158 1029 1198 in
1051 1159 1156 1198 libro
1179 1158 1229 1197 de
1247 1156 1523 1197 Ponderibus.
1571 1157 1640 1195 Ex
1656 1157 1721 1196 his

210 1231 284 1282 (sc.
306 1228 488 1268 numeris
510 1227 806 1279 cardinalibus)
830 1230 1055 1265 nascuntur
1076 1225 1282 1265 ordinalia
1310 1224 1477 1263 nomina
1505 1224 1601 1272 Izoec,
1623 1223 1718 1262 inoe-

207 1298 386 1348 qualiter
400 1296 558 1347 quidem
575 1299 769 1346 qumztmn
786 1294 843 1333 acl
859 1307 993 1333 vocem
1014 1292 1171 1345 primus
1193 1296 1236 1330 et
1257 1290 1485 1330 secundus:
1510 1290 1721 1340 oequaliter

206 1376 315 1410 vero,
337 1362 501 1410 tertius,
525 1367 567 1402 et¹
593 1366 767 1414 quartus
790 1361 865 1401 &a
887 1359 1143 1407 undecimus7
1167 1356 1434 1397 duodecimus
1456 1356 1506 1394 ab
1527 1355 1719 1395 undecim

207 1434 252 1469 et
279 1429 509 1469 duodecim.
571 1428 682 1466 Nam
703 1427 1179 1478 reliqua—declinantur
1200 1428 1347 1463 contra
1377 1421 1720 1462 consuetudinem

207 1496 466 1542 Graecorum,
489 1508 613 1546 usque
634 1495 691 1533 cul
709 1507 863 1533 nonum
890 1492 1119 1532 decimum:
1157 1492 1228 1543 (sc.
1249 1489 1460 1541 inclusive)
1485 1493 1530 1528 ut
1552 1488 1721 1528 tertius-

207 1562 403 1610 decimus,
442 1561 816 1614 quartusdecimus,
855 1557 1211 1612 quintusdecimus
1249 1559 1322 1596 Sec.
1384 1556 1455 1595 Sic
1490 1569 1625 1595 omnes·
1659 1569 1722 1595 se-

207 1633 386 1681 quentes,
408 1630 516 1668 velut
543 1629 585 1666 in
606 1627 833 1679 primitivis
858 1627 915 1665 acl
932 1626 1201 1664 imitationem
1222 1624 1465 1664 Graecorum
1487 1637 1512 1661 a
1532 1623 1720 1662 vicesimo

207 1700 246 1735 et
267 1709 390 1747 supra
413 1695 559 1746 msy'orz'
580 1695 773 1733 minorem
796 1693 952 1731 addant
972 1705 1136 1730 numero
1154 1691 1393 1742 plemmnque
1408 1707 1419 1728 .·
1451 1693 1549 1729 ante
1579 1689 1720 1729 decem

207 1775 305 1801 vero
331 1761 532 1800 minorem
556 1764 727 1812 ponunt,
751 1759 910 1810 quando
932 1757 1165 1811 composita
1186 1758 1455 1808 accipiuntur,
1478 1760 1516 1795 et
1543 1757 1615 1795 sub
1642 1769 1720 1795 uno

208 1831 378 1865 accentu
393 1825 673 1878 proferuntur.
735 1825 845 1863 Nam
867 1826 959 1864 licet
981 1823 1185 1863 dissoluta
1213 1823 1526 1876 compositione,
1550 1822 1722 1861 diversis

208 1892 440 1930 accentibus
479 1905 527 1930 ea
559 1890 828 1942 proferentes,
864 1893 1022 1928 mutare
1057 1889 1251 1937 ordinem,
1286 1889 1493 1941 quomodo
1529 1891 1573 1927 et
1607 1887 1721 1940 apud

210 1957 393 2005 Graecos,
426 1962 464 1996 et
498 1958 642 2002 dicere,
676 1956 859 1996 decimus
895 1960 937 1994 et
974 1955 1187 2008 septimus,
1216 1968 1297 2005 pro
1331 1953 1719 2007 septimusdecimus
1735 1969 1781 2004 23

210 2021 286 2061 &a
335 2021 416 2060 Hic
437 2021 593 2074 itaque⁷
617 2026 664 2060 ut
685 2021 843 2074 opinor,
867 2020 1088 2060 manifesta
1110 2024 1173 2059 est
1196 2020 1443 2070 αὐτοφωρία;
1479 2035 1595 2060 suam
1616 2020 1719 2060 satis

208 2092 354 2141 aperte
375 2092 557 2141 gentem,
580 2087 776 2141 patriam,
798 2092 841 2126 ct
872 2086 1072 2140 originem
1104 2090 1322 2125 enarrator
1353 2091 1496 2126 noster
1526 2086 1719 2140 indigita-

209 2153 294 2201 vit3
330 2159 445 2194 certo
477 2154 585 2193 enim
617 2154 770 2194 certius
801 2158 865 2193 cst
888 2153 1116 2206 Ulpianum
1149 2153 1261 2191 illum
1291 2158 1485 2200 veterem,
1508 2152 1719 2192 rhetorem

209 2220 522 2260 Antiochenum
551 2220 653 2259 nihil
685 2220 918 2260 istiusmodi
948 2234 1131 2273 unquam
1158 2223 1233 2259 aut
1262 2219 1458 2259 extulisse
1479 2223 1554 2258 aut
1576 2217 1720 2258 efferre

209 2287 408 2341 potuisse.

271 2355 307 2407 ξ.
335 2367 396 2393 11.
431 2354 548 2393 Idem
575 2354 630 2394 ad
661 2358 768 2394 orat.
795 2358 943 2394 contra
965 2353 1258 2393 Timocratem.
1319 2351 1602 2406 Προσαγωγεῖ]
1635 2351 1721 2391 ἀντὶ

210 2423 277 2459 τοῦ
313 2419 516 2471 δηλάτωρι.
579 2420 628 2459 In
657 2421 859 2460 Romanis
887 2420 1055 2460 vocibus
1090 2421 1220 2473 probe
1256 2420 1443 2473 profecto
1478 2424 1621 2459 noster
1657 2422 1720 2459 est

210 2487 477 2534 exercitatus7
520 2491 563 2527 et
605 2487 779 2527 Latinas
820 2487 1017 2527 formulas
1062 2487 1183 2541 longe
1224 2486 1369 2525 melius
1411 2501 1535 2539 quam
1575 2488 1720 2526 rhetor

214 2553 422 2606 Ulpianus
454 2553 607 2593 calluit.
670 2554 874 2605 Δηλάτωρ,
908 2559 956 2594 ut
990 2554 1125 2607 primo
1162 2554 1317 2594 intuitu
1352 2557 1482 2607 patet,
1519 2553 1717 2592 Romanae

211 2624 276 2660 est
296 2624 389 2660 tota
410 2620 591 2673 originis,
615 2620 816 2660 Romame
847 2620 1176 2675 significationis,
1199 2634 1297 2660 usus
1325 2620 1452 2660 etiam
1483 2619 1718 2659 omnimodo

212 2686 402 2726 Romani.
464 2686 577 2725 Hinc
602 2687 763 2726 SuidaS.
797 2686 1000 2738 Δηλάτωρ,
1025 2688 1045 2725 ὁ
1067 2686 1288 2738 κατήγορος’
1325 2687 1585 2737 Δηλατωρίαι·
1616 2686 1720 2734 παρὰ

209 2751 413 2801 Ῥωμαίοις
448 2754 488 2792 αἱ
524 2754 781 2804 εἰσαγγελίαι.
842 2752 1053 2792 Cedrenus
1089 2753 1130 2792 in
1166 2753 1294 2792 Julio.
1352 2751 1594 2802 Δηλάτορας,
1632 2749 1719 2790 τοὺς

212 2820 422 2868 διαβόλους
454 2819 514 2858 καὶ
549 2819 794 2870 συκοφάντας
831 2823 994 2859 καλοῦσι
1021 2818 1215 2870 Ῥωμαῖοι.
1278 2819 1493 2858 Praeterea
1523 2816 1613 2869 quis
1646 2829 1718 2855 un-
