1977 3209
294 98 336 137 xl
610 100 979 141 CHAPMANNI
1014 102 1461 143 COMMENTATIO

296 215 421 254 quam
450 207 637 243 vet-erum
666 204 911 244 Graecorum
939 205 1229 246 Antiochenus
1259 208 1313 247 ad
1346 208 1516 247 Graecos
1547 207 1674 247 etiam
1706 206 1802 246 scri-

294 268 397 308 bens
417 270 660 310 vocabulum
684 272 878 311 Graecum
908 285 983 324 per
1012 272 1248 312 Romanum
1278 274 1654 328 interpretaretur?
1706 272 1801 311 Hoc

295 335 461 387 quidem
482 336 595 376 aliud
625 337 723 390 quid
746 343 853 378 esset
877 352 1003 391 quam
1029 339 1156 391 (quod
1176 340 1519 380 absurdissimum
1540 344 1653 379 certe
1674 340 1797 389 foret>

293 406 441 442 notum
472 418 547 457 per
582 404 771 458 ignotum
804 406 1036 458 exponere?
1068 404 1275 459 Ulpianus
1306 406 1589 460 proculdubio,
1620 405 1654 444 si
1685 405 1802 458 quid-

292 467 406 520 piam
431 470 692 519 adnotasset,
715 471 890 511 dixisset
915 472 978 511 vel
1006 473 1201 526 κατηγόρῳ
1223 473 1286 512 vel
1315 475 1553 524 εἰσαγγελεῖ,
1575 473 1665 512 haec
1693 472 1802 511 enim

292 535 419 574 verba
451 540 541 575 tum
581 537 781 591 temporis
822 538 943 592 longe
978 539 1143 579 notiora
1179 539 1335 579 Graecis
1371 544 1493 579 erant
1528 539 1802 593 scriptoribus

293 616 418 654 quam
440 603 628 654 ὃηλάτωρ.
691 604 893 657 Ejusdem
920 620 1091 659 prorsus
1118 606 1281 659 generis
1304 612 1345 646 et
1373 607 1497 660 pretii
1520 611 1617 646 sunt
1648 607 1717 646 illa
1747 607 1802 647 ad

292 672 400 708 orat.
424 669 474 708 de
497 669 674 710 Corona.
734 670 975 711 Ἑπτακόσια
997 672 1154 726 στάδια]
1177 674 1287 721 μίλια
1306 691 1369 723 μη.
1443 674 1550 713 Haec
1573 673 1739 726 quidem
1760 673 1801 712 in

293 734 463 783 Aldina,
507 735 778 791 Hervagiana
819 742 861 778 et
905 738 1051 777 Wolfii
1094 737 1276 778 editione
1322 739 1456 791 prima
1497 739 1802 779 desiderantur·

293 800 448 840 Mutilo
478 801 674 842 nimirum
705 804 846 844 codice
867 804 1016 849 Aldus,
1042 803 1291 858 Hervaghm,
1318 808 1361 843 et
1385 804 1566 844 Wolfius
1596 804 1659 843 usi
1692 809 1801 844 sunt.

292 866 402 907 Nam
434 870 722 910 commentarii
755 872 863 911 sicut
892 872 945 911 ab
977 871 1040 910 his
1071 871 1279 924 prodeunt
1302 870 1499 924 Ulpianei
1521 870 1589 909 vix
1610 871 1665 911 ad
1686 871 1803 910 dimi-

291 933 402 974 diam
423 940 589 988 partem
610 937 810 977 orationis
832 938 883 977 (le
906 938 1070 978 Corona
1090 938 1348 992 pertingunt.
1410 938 1555 991 Neque
1584 952 1682 978 sane
1714 952 1800 978 cre-

291 1000 415 1040 dibile
446 1002 573 1041 cuivis
604 1002 731 1043 fuerit
761 1008 1048 1044 enarratorem
1070 1005 1286 1044 dimidium
1313 1009 1450 1044 totum
1476 1009 1565 1045 tam
1591 1005 1802 1058 praeclarae

291 1067 493 1108 orationis
533 1069 742 1110 intactum
781 1071 1007 1125 reliquisse.
1070 1072 1132 1112 At
1174 1073 1419 1125 supplentur
1457 1086 1539 1112 una
1580 1086 1673 1111 cum
1713 1072 1803 1112 aliis

229 1135 478 1188 24plurimis
509 1150 560 1175 ex
591 1137 731 1177 codice
755 1137 982 1178 Lutetiano
1013 1144 1055 1178 et
1088 1153 1139 1178 ex
1171 1153 1219 1178 eo
1252 1139 1461 1192 descripta
1493 1143 1735 1192 comparent
1760 1138 1802 1177 in

291 1200 474 1241 editione
511 1202 716 1243 Benenati
756 1219 830 1257 per
865 1205 1100 1254 Morellum,
1133 1211 1175 1246 et
1217 1206 1259 1246 in
1291 1206 1437 1245 Wolfii
1478 1205 1659 1244 secunda
1693 1204 1803 1244 iuter

291 1269 560 1309 accessiones.
623 1271 706 1310 Hic
727 1276 868 1311 autem
897 1278 1040 1313 noster
1067 1273 1239 1313 similem
1261 1273 1407 1312 calami
1430 1272 1491 1311 sui
1512 1272 1673 1325 lapsum
1694 1271 1802 1324 pati-

291 1340 363 1376 tur
393 1336 653 1390 improvisus.
714 1339 871 1377 Annon
903 1340 1011 1379 enim
1042 1340 1197 1394 aliquid
1229 1339 1320 1379 miri
1343 1339 1567 1388 videretur,
1590 1338 1802 1378 rhetorem

293 1403 489 1443 Graecum
519 1403 574 1443 ad
596 1404 764 1444 Graecos
796 1406 1046 1446 scribentem
1073 1407 1212 1457 μέτρον
1233 1409 1320 1445 ὁδοῦ
1343 1405 1535 1445 Graecum
1556 1419 1630 1459 per
1652 1405 1802 1444 Roma—

294 1483 393 1508 num
415 1470 678 1523 exposuisse?
709 1471 828 1520 Haec,
852 1472 885 1511 si
909 1487 999 1525 quae
1022 1473 1137 1521 alias,
1161 1472 1314 1512 indicia
1342 1477 1439 1511 sunt
1462 1472 1610 1513 νοθείας
1631 1476 1673 1511 et
1692 1472 1802 1511 frau-

294 1536 393 1576 dum
413 1537 592 1577 maxime
612 1537 804 1591 genuina.

354 1605 390 1657 ξ.
417 1617 482 1644 12.
515 1603 616 1644 Alia
636 1609 734 1644 sunt
756 1620 846 1658 quae
870 1606 1061 1646 Graecum
1083 1607 1295 1646 rhetorem
1323 1606 1542 1659 antiquum
1565 1611 1605 1646 et
1629 1603 1802 1645 orientis

292 1669 470 1710 incolam
500 1670 668 1710 minime
700 1672 879 1725 sapiunt.
941 1674 1013 1712 Ad
1039 1674 1213 1713 eandem
1236 1673 1353 1713 Orat.
1379 1673 1429 1712 de
1452 1673 1628 1713 Corona.
1688 1671 1802 1710 Ἑκα-

292 1736 552 1790 τομβαιῶνος]
572 1738 760 1788 Μαρτίου.
809 1742 1151 1789 Μαιμακτηριῶνος
1173 1739 1309 1794 δεκάτῃ
1331 1739 1555 1793 φθίνοντος]
1578 1738 1802 1789 Αὐγούστου

292 1803 337 1858 τῇ
363 1808 418 1843 Ἧι.
465 1802 832 1856 Ἐλαφηβολιῶνος]
862 1808 1099 1856 Νοεμβρίου.
1144 1806 1448 1858 Βοηδρομιῶνος]
1475 1804 1648 1844 Ἰουνίου.
1697 1807 1802 1854 Θαρ-

292 1869 496 1923 γηλιῶνος]
517 1869 761 1920 Ἀπριλλίου.
823 1872 957 1920 Μηνὸς
980 1875 1255 1924 Μουνυχιῶνος
1276 1873 1340 1926 ἕνῃ
1364 1873 1424 1911 καὶ
1445 1871 1530 1924 νέᾳ]
1564 1870 1802 1920 Ἰανουαρίου

290 1937 524 1991 Τριακοστῇ.
587 1939 934 1990 Σκιρροφοριῶνος]
961 1937 1104 1977 Matov,
1166 1938 1279 1977 Nihil
1311 1951 1477 1977 necesse
1506 1943 1569 1977 est
1594 1941 1641 1976 ut
1663 1936 1704 1975 111
1725 1936 1803 1976 hoe

290 2001 381 2041 loco
408 2001 458 2040 de
485 2001 696 2041 mensibus
719 2003 877 2042 Atticis
897 2003 1063 2057 longam
1085 2003 1355 2056 criticamque
1377 2003 1644 2042 instituamus
1666 2002 1803 2056 dispu-

292 2068 507 2118 tationem,
531 2083 623 2108 cum
645 2069 845 2109 Romanis
866 2085 936 2110 eos
958 2075 1005 2110 ut
1026 2070 1296 2118 conferamus,
1317 2069 1597 2123 Scaligerique
1620 2068 1802 2108 Petavii-

293 2150 372 2189 que
393 2140 723 2188 caeterorumque
737 2136 1085 2190 chronologorum
1106 2136 1327 2176 ratiocinia
1348 2135 1660 2187 sententiasque
1682 2149 1801 2174 even-

291 2203 482 2248 tilemus;
518 2202 620 2241 satis
647 2202 703 2242 511
728 2202 1106 2255 impraesentiarum
1128 2203 1228 2242 illud
1250 2202 1485 2242 enarratori
1506 2206 1650 2241 nostro
1671 2200 1801 2240 veteri

291 2283 425 2322 neque
458 2274 613 2307 temere
650 2282 781 2320 neque
818 2268 970 2321 injuria
995 2269 1096 2308 vitio
1124 2274 1297 2313 vertere,
1322 2268 1433 2320 quod
1464 2268 1697 2321 ubicunque
1728 2282 1803 2320 per

292 2349 434 2375 omnes
456 2349 552 2374 suos
574 2335 895 2374 commentarios
921 2335 1124 2374 mensium
1147 2335 1391 2374 Atticorum
1410 2334 1667 2373 mentionem
1687 2334 1799 2382 facit,

291 2400 541 2456 generaliter
562 2405 604 2440 et
625 2401 815 2440 absolute
837 2401 957 2452 (sicut
978 2401 1043 2440 hic
1067 2415 1229 2454 quoque
1251 2401 1407 2440 factum
1428 2400 1629 2451 videmus)
1651 2400 1802 2440 Roma-

291 2468 355 2508 nis
387 2482 457 2507 eos
493 2467 727 2507 nominibus
762 2467 965 2521 designet.
1026 2468 1089 2507 At
1116 2468 1193 2506 hoc
1227 2467 1355 2506 etiam
1389 2471 1535 2506 contra
1558 2466 1801 2506 Graecorum

291 2538 491 2579 veterum,
525 2538 637 2573 certe
662 2533 949 2573 Asiaticorum
980 2533 1334 2573 consuetudinem.
1398 2532 1589 2586 Epistola
1619 2533 1800 2572 ecclesiae

295 2599 555 2654 Smyrnensis
574 2599 865 2652 antiquissima
886 2600 937 2639 de
958 2600 1158 2653 martyrio
1181 2599 1302 2639 Beati
1326 2599 1560 2653 Polycarpi.
1604 2603 1805 2649 ’Μαρτυρεῖ

294 2669 335 2707 δὲ
367 2668 387 2705 ὁ
418 2665 602 2715 μακάριος
637 2667 893 2716 Πολύκαρπος
928 2666 1045 2715 μηνὸς
1078 2669 1267 2705 Ξανθικοῦ
1300 2665 1454 2719 δευτέρᾳ
1488 2664 1703 2714 ἱσταμένου,
1727 2665 1799 2715 πρὸ

293 2735 390 2774 ἑπτὰ
412 2735 609 2772 καλανδῶν
631 2732 782 2771 Μαίων.
829 2732 1093 2785 (Legendum
1115 2737 1175 2771 est
1202 2746 1294 2772 cum
1319 2732 1550 2771 Siculorum
1574 2731 1800 2771 Fastorum

290 2803 438 2840 autore
456 2797 710 2847 Ἀπριλλίων,
726 2798 787 2837 1111
805 2798 1058 2851 jampridem
1078 2798 1238 2838 monuit
1258 2797 1456 2838 Usserius
1475 2797 1796 2847 Armachanus.)
