1977 3209
292 116 359 155 xiv
858 108 1267 150 PRAEFATIO.

290 225 375 266 τῶν
412 216 677 264 διδασκάλων
710 217 876 262 οἴονταί
910 237 1018 264 τινες
1054 215 1168 260 εἶναι.
1239 217 1330 260 Sed
1371 216 1550 259 utinam
1587 215 1803 259 tulissent

291 298 429 341 modo
455 302 645 340 aetatem
673 294 873 354 Longini
899 293 1219 337 commentarii
1245 291 1341 352 περὶ
1372 295 1451 335 τοῦ
1485 289 1595 334 κατὰ
1623 289 1803 334 Μειδίου

290 374 349 417 ab
387 372 531 417 Suida
556 386 589 415 s.
615 386 654 413 v.
683 369 912 427 Λογγῖνος
947 368 1153 419 excit-ati,
1181 367 1347 425 quibus
1383 381 1550 411 caussae
1583 366 1697 410 nihil
1733 372 1803 410 est

292 464 386 499 cur,
413 463 511 506 quae
537 447 723 490 videtur
748 443 1021 488 Ruhnkenii
1047 443 1125 499 (de
1151 443 1246 487 vita
1274 449 1320 487 et
1346 443 1527 502 seriptis
1555 441 1590 505 §.
1619 456 1687 498 14.
1714 442 1800 500 pr.)

291 538 390 568 esse
437 522 680 573 sententia,
721 535 862 564 unam
905 534 1008 564 eam
1055 520 1364 577 quaestionem
1412 519 1634 578 agitatam
1682 518 1802 562 arbi-

290 607 480 648 tremur,
508 596 721 640 Midiana
755 601 912 639 utrum
950 599 1225 654 χαρακτῆρος
1250 596 1489 645 παθητικοῦ
1513 609 1566 638 an
1595 611 1805 653 πραγμα-

289 677 411 719 τικοῦ
451 673 511 716 sit
527 670 565 725 ι);
602 673 682 716 sed
722 672 756 715 si
801 671 939 714 modo
983 675 1236 722 exstarent,
1279 685 1383 727 quae
1422 685 1479 714 ex
1521 669 1806 713 Alexandri-

291 765 455 794 norum
501 748 608 791 inde
649 754 697 791 et
739 746 1136 804 Pergamenorum
1177 746 1585 803 grammaticorum
1625 752 1806 804 tempo-

291 826 417 869 ribus
442 825 498 868 ad
525 823 662 867 crisin
680 822 753 866 vel
777 821 1211 879 interpretationem
1229 820 1561 864 Demosthenis
1587 821 1806 865 facientia

291 917 317 946 a
341 900 575 945 veteribus
610 900 781 957 scripta
817 903 937 948 sunt,
968 896 1113 941 veluti
1150 897 1207 941 ab
1242 895 1433 940 Caecilio
1450 902 1480 948 ⁰,
1509 895 1666 939 Siculo
1702 897 1806 940 rhe-

291 983 406 1029 tore,
432 976 512 1035 qui
531 975 561 1019 J
566 975 647 1019 ulii
669 975 859 1019 Caesaris
883 980 931 1017 et
948 973 1151 1032 Augusti
1177 972 1464 1031 temporibus
1490 971 1805 1030 eloquentiam

293 1053 454 1097 Rom-ee
491 1052 664 1105 docuit,
690 1050 747 1094 ab
786 1050 989 1108 Didymo
1022 1048 1358 1100 Alexandrino,
1385 1047 1700 1101 Aristarcheo,
1726 1049 1806 1106 qui

292 1130 377 1174 sub
401 1128 530 1173 Julio
561 1134 608 1171 et
633 1127 852 1186 Augusto
887 1126 1056 1177 floruit,
1082 1125 1321 1168 indefessis
1356 1124 1590 1168 laboribus
1626 1129 1807 1184 χαλκεν-

292 1205 419 1265 τέρου
443 1218 703 1263 cognomen
738 1203 944 1252 meritus‚
971 1201 1317 1246 commentariis
1353 1200 1400 1243 in
1426 1201 1638 1259 tragicos,
1665 1201 1807 1244 comi-

293 1296 370 1325 cos
386 1278 418 1333 d,
446 1280 699 1324 Pindarum
718 1285 746 1332 e,
773 1279 938 1338 lyricos
954 1275 979 1330 f,
1003 1284 1207 1322 oratores
1222 1283 1257 1327 g,
1284 1276 1524 1320 historicos
1539 1272 1574 1328 ¹¹,
1596 1277 1733 1321 editis
1759 1282 1807 1320 et

346 1401 365 1429 b
396 1403 558 1450 Longini
587 1402 768 1450 judicium
801 1401 845 1436 de
873 1400 996 1435 indole
1023 1398 1191 1446 prooemii
1222 1399 1410 1446 Leptineae
1438 1399 1482 1434 cf.
1510 1412 1568 1449 ap.
1591 1400 1700 1435 Phot.
1723 1401 1805 1435 cod.

296 1468 382 1516 265.
404 1480 439 1514 p.
456 1478 547 1514 492,
568 1479 601 1502 a.
628 1478 688 1513 29.

348 1538 363 1557 ⁰
394 1530 451 1566 Cf.
478 1531 522 1565 de
553 1531 625 1564 hoo
649 1529 766 1577 Toup.
795 1528 841 1563 ad
862 1528 1022 1574 Longin.
1044 1534 1089 1563 Π.
1111 1528 1158 1561 (Υ.
1181 1527 1211 1567 Ι,
1238 1540 1265 1562 1.
1326 1527 1522 1573 Mongitor
1557 1527 1655 1562 Bibl.
1694 1526 1807 1561 Sicul.

295 1596 367 1631 vol.
391 1595 421 1630 Ι.
445 1607 479 1641 p.
502 1604 571 1640 177
597 1606 677 1640 sqq.
718 1592 820 1640 Tayl.
843 1592 949 1627 Praef.
972 1592 1018 1626 ad
1039 1591 1126 1638 Lys.
1151 1603 1184 1638 p.
1209 1590 1270 1625 66.
1301 1591 1358 1625 ed.
1387 1591 1428 1624 R.
1479 1590 1622 1637 Saepius
1643 1603 1806 1626 comme-

293 1664 459 1694 moratur
479 1670 499 1692 a
520 1657 672 1692 Tiberio
694 1657 738 1691 de
761 1657 869 1703 figur.
891 1669 927 1703 p.
950 1667 1014 1701 44.
1038 1655 1096 1690 ed.
1121 1654 1295 1690 Boisson.

347 1720 365 1748 ‘¹
398 1721 573 1757 Meineke
595 1721 738 1764 Quaest.
764 1719 871 1755 Scen.
896 1719 964 1754 ΙΙΙ.
987 1732 1021 1767 p.
1044 1727 1080 1766 5.

348 1792 363 1810 e
394 1785 550 1820 Boeckh.
574 1785 681 1819 Praef.
705 1784 752 1819 ad
774 1782 898 1818 Schol.
920 1782 1027 1818 Pind.
1050 1795 1083 1828 p.
1106 1782 1193 1816 xvii.

349 1847 363 1873 f
390 1849 516 1895 Etym.
539 1848 594 1882 M.
617 1860 653 1895 p.
678 1847 768 1894 690‚
791 1856 853 1894 35.
887 1856 975 1893 777,
998 1858 1055 1880 10.
1077 1846 1165 1880 citat
1187 1851 1225 1880 Δ.
1249 1846 1283 1878 ἐν
1303 1848 1348 1892 τῷ
1368 1847 1445 1891 περὶ
1464 1847 1607 1891 λυρικῶν
1626 1849 1780 1890 ποιητῶν.

346 1919 366 1946 g
397 1912 519 1958 Hujus
551 1912 588 1946 in
618 1911 914 1946 Demosthenem
948 1916 985 1945 et
1017 1910 1152 1944 Isaeum
1182 1909 1398 1953 ὑπομνήματα
1429 1909 1614 1958 Harpocr.
1639 1921 1666 1944 s.
1690 1923 1723 1944 v,
1746 1925 1806 1955 γα-

293 1977 406 2020 μηλία,
429 1976 474 2011 εἷς
494 1977 551 2009 τὸν
568 1975 743 2021 Ὑπερίδου
762 1976 866 2020 λόγον
884 1975 964 2007 κατὰ
985 1974 1139 2018 Δημάδου
1168 1972 1266 2007 idem
1298 1985 1326 2007 S.
1349 1985 1383 2007 v,
1406 1973 1580 2017 ὀξυθύμια,
1603 1973 1639 2008 in
1671 1974 1807 2009 Oratio-

291 2052 378 2075 nem
400 2038 671 2074 Demosthenis
699 2038 743 2073 de
765 2049 914 2072 corona.
942 2036 991 2071 id.
1026 2049 1054 2071 s.
1076 2049 1110 2071 v.
1133 2036 1300 2081 ἔνθρυπτα
1323 2035 1383 2080 (cf.
1406 2038 1626 2082 ἑωλοκρασία,
1655 2038 1806 2085 οἰκίσκῳ)

293 2103 440 2138 disertis
461 2103 582 2138 verbis
612 2102 812 2143 exeitavit3
845 2114 937 2148 quos
958 2113 1046 2136 vero
1068 2101 1104 2134 in
1129 2099 1421 2135 Demosthenem
1451 2100 1599 2146 scripsit
1619 2113 1807 2136 commen-

292 2167 420 2206 tarios,
444 2166 702 2213 significantur
732 2165 776 2199 ab
809 2164 994 2211 Harpocr.
1017 2176 1045 2198 s.
1067 2177 1101 2198 v.
1125 2163 1257 2207 ἐξένιζε,
1282 2166 1299 2197 ὁ
1325 2163 1470 2198 κάτωθεν
1490 2166 1599 2208 νόμος,
1622 2165 1807 2205 ἐσπαθᾶτο,

292 2232 510 2276 λυκιουργεῖς,
530 2231 607 2275 περὶ
634 2231 692 2273 τῆς
721 2229 754 2262 ἐν
775 2230 924 2273 Δελφοῖς
953 2230 1060 2268 σκιᾶς,
1082 2229 1305 2273 περίστοιχοι,
1335 2228 1531 2270 ποδοκάκκη,
1552 2227 1808 2273 Πολύστρατος,

292 2296 503 2340 πρόπεμπτα,
535 2295 690 2332 πωλῶσι,
722 2297 759 2327 et
785 2294 971 2338 φαρμακός,
1007 2291 1043 2325 in
1078 2291 1307 2338 Hyperidem
1340 2291 1466 2337 scripti
1501 2303 1530 2324 s.
1554 2303 1588 2325 v,
1621 2291 1810 2336 ἐλευθέριος

294 2358 374 2392 Ζεὺς
402 2361 439 2391 et
468 2355 627 2395 Πυθαιέα,
648 2355 685 2389 in
715 2355 937 2390 AEschinen]
967 2367 995 2389 S.
1017 2368 1051 2389 V.
1077 2354 1233 2395 Θὺστιον,
1255 2355 1494 2400 Ιίραυαλλίδαι,
1519 2356 1696 2394 Παιανιεῖς,
1725 2369 1808 2393 προ-

295 2421 431 2461 στασία,
453 2420 611 2454 ἐπιδίετες
631 2418 756 2462 ἡβῆσαι
779 2418 841 2463 (ef.
864 2418 980 2453 schol.
1003 2418 1049 2452 ad
1071 2417 1241 2452 sEschin.
1262 2430 1295 2452 c.
1325 2417 1494 2465 Ctesiph.
1525 2417 1571 2452 ad
1599 2430 1634 2464 p.
1660 2428 1721 2463 70,
1743 2429 1807 2463 42.

295 2484 352 2519 ed.
390 2483 440 2518 H.
479 2481 644 2529 steph),
689 2481 724 2516 in
760 2481 893 2516 Isaeum
929 2494 959 2516 s.
991 2494 1024 2515 v.
1057 2482 1248 2521 πανδαισία,
1291 2481 1328 2515 in
1373 2480 1576 2516 Isocratem
1607 2493 1635 2515 s.
1667 2493 1703 2515 v.
1743 2481 1809 2516 ἀπὸ

294 2549 527 2592 μισθωμάτων,
562 2546 599 2580 in
633 2546 849 2592 Lycurgum
879 2558 907 2580 s.
931 2558 963 2580 v.
984 2548 1137 2586 πελανος,
1169 2548 1344 2590 προκώνια,
1380 2545 1543 2591 στρωτὴρ,
1574 2546 1651 2580 τοὺς·
1679 2546 1810 2591 ἑτέρους

294 2611 485 2658 τραγῳδοὺς
504 2610 698 2655 ἀγωνιεῖται,
720 2610 758 2643 in
779 2609 1009 2643 Dinarchum
1031 2621 1060 2644 s.
1083 2621 1116 2643 V.
1137 2611 1347 2654 ματρυλεῖον,
1370 2607 1526 2655 denique
1552 2608 1809 2644 commentarii

295 2675 333 2709 in
355 2673 561 2708 lNffidianam
584 2672 787 2706 innuuntur
808 2683 837 2705 s.
860 2684 893 2705 v,
915 2670 1055 2715 κυμβίον
1075 2677 1111 2706 et
1130 2671 1350 2716 παρασκήνια.

350 2735 370 2761 h
400 2737 527 2771 Vitam
547 2734 778 2781 Thucydidis
799 2746 883 2769 eum
905 2746 1095 2769 enarrasse
1116 2747 1161 2768 ex
1182 2734 1404 2770 Marcellino
1431 2734 1584 2782 colligas
1615 2737 1663 2779 ξξ.
1687 2746 1720 2781 3.
1751 2734 1806 2769 16.

298 2813 358 2846 32.
