1977 3209
712 143 789 183 DE
825 143 862 182 U
872 141 1107 182 LPIANO.
1535 141 1666 180 xxxiii

163 260 239 299 pro
260 260 454 286 concesso
475 247 612 294 sumit,
643 255 730 286 1m0.
758 246 984 300 Ulpianum
1004 246 1046 284 in
1069 244 1394 283 Demosthenem
1415 248 1666 284 commenta-

164 313 246 352 rios
279 312 503 365 scripsisse,
531 313 641 365 quod
674 314 856 352 nondum
887 316 1066 351 const-at.
1130 309 1205 350 ΖΦ).
1231 310 1322 349 Hos
1347 309 1667 349 commentarios

164 393 246 418 non
287 393 376 418 esse
417 379 773 430 ψευδεπιγράφους,
816 393 956 418 verum
996 376 1209 431 genuinos,
1243 375 1338 415 licet
1378 375 1666 429 interpolatos.

166 445 388 485 Enimvero
421 450 564 485 assuta
595 460 684 484 csse
718 445 766 484 iis
803 460 894 498 quae
928 449 1129 483 vocantur
1164 443 1363 494 ἐξηγήσεις
1392 442 1610 496 Ulpianeae
1642 457 1668 482 a

164 511 465 552 recentioribus
515 512 832 565 aliquammulta
871 511 1005 550 nullus
1046 509 1296 563 negaverim.
1368 508 1514 561 anue
1562 509 1669 549 adeo

164 576 289 616 certis
325 576 574 629 quibusdam
607 576 718 615 notis
753 581 882 629 atque
917 575 1078 614 indiciis
1114 575 1441 628 distinguuntur,
1478 578 1527 613 ut
1560 574 1671 614 inter

165 657 308 683 omnes
339 643 543 683 convenit.
604 643 806 693 Quaedam
833 647 972 682 tamen
1005 642 1115 681 inter
1149 642 1238 681 haec
1263 640 1548 681 enarrationes
1576 654 1670 679 con-

164 710 294 749 tinuae
316 714 359 749 et
380 709 564 749 seriatim
585 709 797 762 dispositae
819 709 1045 762 principem
1077 708 1284 760 quendam
1308 707 1443 747 locum
1463 707 1671 755 obtinent,

165 781 209 816 et
237 777 330 829 jure
366 776 546 829 quodam
574 775 772 829 peculiari
794 774 966 828 Ulpiani
995 789 1165 814 manum
1195 773 1273 813 sibi
1294 774 1527 814 vendicant.
1587 773 1671 814 Hic

165 843 345 882 libenter
366 842 534 882 criticos
555 857 760 896 rogarem,
785 841 1018 881 Bentlcium
1039 846 1143 894 puta
1172 841 1250 880 hoc
1280 840 1445 880 nomine
1472 841 1567 893 jure
1598 854 1672 879 suo

166 909 491 956 celeberrimum,
515 923 615 947 num
637 908 827 948 codieum
851 908 1190 959 MSStorumque
1212 907 1346 947 titulis
1370 911 1498 961 atque
1520 908 1673 958 ἐπιγρα-

167 980 260 1027 φαῖς
294 990 470 1029 pronam
503 989 799 1028 usquequaque
838 974 1166 1027 implicitamque
1207 987 1298 1027 quae
1338 978 1511 1013 vocatur
1549 973 1674 1012 fidem

164 1043 305 1082 faciles
326 1042 654 1089 accommodent,
676 1056 730 1081 an
752 1042 803 1081 de
825 1040 1062 1094 epigraphis
1085 1039 1185 1092 ipsis
1206 1054 1258 1078 ex
1286 1039 1335 1078 iis
1366 1053 1459 1092 quae
1489 1039 1602 1079 intus
1632 1038 1674 1078 in

165 1109 322 1162 scripto
354 1108 631 1156 continentur,
660 1107 877 1160 judicent?
910 1106 1099 1146 Primum
1126 1106 1238 1155 illud,
1261 1107 1391 1159 probe
1412 1106 1508 1155 scio,
1531 1120 1675 1159 perne—

163 1175 327 1228 gaverit
348 1174 612 1215 acutissimus
634 1178 676 1214 et
698 1174 963 1214 doctissimus
985 1173 1052 1212 ille
1074 1172 1299 1212 Bentleius.
1361 1172 1500 1212 Aliter
1528 1177 1675 1212 semet-

164 1241 300 1294 ipsum
321 1241 555 1289 conficeret,
579 1246 620 1281 et
642 1255 717 1280 sua
742 1240 976 1281 Phalaridis
1008 1239 1192 1293 epistolis
1220 1239 1357 1279 adhuc
1380 1243 1514 1280 staret
1534 1244 1675 1279 aucto-

164 1307 281 1347 ritas.
342 1308 413 1347 Ad
436 1307 651 1347 Valesium
668 1308 756 1361 jam
779 1307 1008 1347 redeamus.
1057 1306 1136 1354 Tu,
1159 1305 1313 1354 Valesi,
1337 1305 1490 1346 dixerit
1510 1305 1671 1359 aliquis,

165 1374 274 1413 hunc
294 1374 430 1413 locum
451 1378 653 1427 tanquam
683 1389 709 1414 a
738 1373 1038 1413 recentioribus
1068 1376 1258 1412 assutum
1288 1372 1437 1425 rejicis.
1498 1372 1560 1412 At
1591 1386 1673 1425 quo

166 1445 350 1489 auctore,
374 1440 523 1494 quibus
545 1440 734 1481 indiciis?
757 1441 821 1480 Ea
840 1440 972 1480 solum
993 1440 1044 1479 de
1064 1453 1203 1488 causa,
1223 1439 1359 1492 inquit
1380 1439 1458 1488 ille,
1477 1439 1673 1492 quoniam

170 1507 378 1561 Ulpianus
410 1507 567 1555 rhetor,
599 1511 751 1547 caetera
782 1507 852 1560 qui
883 1506 1061 1560 scripsit,
1084 1506 1166 1546 ista
1197 1505 1377 1545 scribere
1407 1519 1490 1545 non
1520 1506 1674 1559 potuit.

169 1574 285 1615 Bella
318 1589 417 1614 sane
448 1574 688 1628 responsio!
726 1573 931 1613 Nimirum
961 1574 1039 1613 hoc
1071 1572 1227 1612 dictum
1253 1572 1286 1611 si
1307 1572 1430 1621 valet,
1452 1577 1594 1613 actum
1614 1577 1679 1613 est

169 1640 222 1680 de
243 1645 336 1681 arte
358 1641 502 1681 critica
522 1641 563 1680 in
584 1641 699 1681 libris
721 1640 999 1694 dijudicandis
1021 1644 1064 1680 et
1085 1639 1428 1679 discriminandis.

229 1709 264 1761 §-
290 1719 326 1760 7.
360 1708 431 1747 Ad
455 1708 536 1748 alia
562 1708 649 1761 jam
681 1707 954 1748 deveniamus.
1021 1706 1071 1745 In
1092 1720 1238 1745 comm.
1260 1706 1314 1745 ad
1335 1710 1442 1746 orat.
1463 1709 1574 1746 cont.
1599 1705 1679 1745 Mi-

173 1774 289 1814 diam
310 1775 519 1814 habentur
539 1774 642 1814 haec.
686 1775 886 1815 Χλανίδας
908 1775 949 1813 δὲ
973 1773 1033 1812 καὶ
1055 1773 1199 1822 κυμβία
1220 1773 1282 1812 καὶ
1303 1770 1460 1826 κάδους]
1483 1773 1682 1814 Χλαυίδας

171 1842 244 1891 μὲν
265 1843 331 1883 τὰς
353 1843 567 1891 Μιλησίας·
603 1842 747 1891 κυμβία
768 1842 809 1880 δὲ
832 1840 933 1881 εἶδος
954 1839 1200 1890 ἐκπωμάτων·
1237 1838 1371 1888 Κάδοι,
1390 1841 1443 1888 δὲ,
1460 1844 1682 1891 γυναικεῖον

175 1908 338 1958 ἀγγεῖον
360 1906 387 1961 ᾧ
419 1912 587 1960 χρῶνται
617 1908 711 1958 πρὸς
742 1909 808 1948 τὰς
840 1908 996 1958 ἀρύσεις
1026 1910 1101 1946 τῶν
1121 1906 1283 1953 ὑδάτων,
1305 1904 1328 1954 ἦ
1353 1907 1420 1946 τὰς
1441 1909 1510 1945 νῦν
1532 1907 1680 1948 σίτλας.

174 1972 368 2012 VVolfius.
420 1974 611 2013 M‘ultz‘tz‘a
632 1978 670 2012 et
692 1974 849 2024 cymbia
872 1977 910 2011 et
932 1973 1072 2024 cados]
1102 1973 1186 2010 Per
1205 1972 1394 2023 χλανίδας
1416 1976 1545 2011 vestes
1564 1973 1682 2012 intel-

173 2040 265 2091 liyz‘t
286 2040 489 2089 Milesias,
514 2041 655 2090 κυμβία
675 2044 769 2078 sunt
786 2052 912 2091 yemis
935 2039 1187 2089 poculorum,
1212 2036 1316 2076 κάδοι
1336 2051 1436 2076 vasa
1456 2038 1681 2089 muliebria,

175 2106 318 2156 quibus
348 2110 518 2145 utuntur
539 2107 595 2145 acl
624 2106 905 2157 eoecipiemlam
935 2118 1094 2155 aquam,
1126 2117 1226 2154 quas
1252 2104 1374 2156 (quae)
1398 2103 1543 2144 situlas
1573 2119 1682 2145 nunc

172 2185 374 2211 vocamus.
436 2171 580 2212 Nostri
610 2171 738 2225 igitur
759 2175 885 2211 aetate
905 2171 1011 2210 bene
1032 2174 1179 2210 notum
1198 2169 1278 2209 fuit
1298 2170 1375 2209 hoc
1407 2171 1544 2212 σίτλας
1563 2185 1682 2212 voca-

174 2237 330 2286 bulum,
346 2238 636 2291 vasculumque
658 2238 792 2291 ipsum
813 2236 1040 2278 communis
1061 2237 1146 2276 fere
1167 2250 1266 2276 usus
1282 2236 1378 2276 etin
1393 2250 1464 2276 ore
1481 2237 1683 2277 omnibus.

176 2304 240 2343 At
261 2304 470 2344 veteribus
491 2304 806 2358 lexicographis,
830 2308 1033 2357 quantum
1055 2303 1192 2351 sciam,
1216 2316 1385 2356 prorsus
1405 2302 1484 2343 fuit
1504 2303 1686 2357 incogni-

177 2375 280 2419 tum,
316 2371 488 2419 Polluci,
530 2371 874 2424 Harpocrationi,
913 2370 1139 2424 Hesychio,
1182 2369 1471 2423 Etymologico
1513 2369 1684 2424 Magno,

177 2437 334 2485 Suidae,
364 2437 512 2491 glossis
544 2437 763 2477 Philoxeni
796 2437 936 2491 Cyrilli
971 2441 1014 2477 et
1044 2436 1234 2485 aliorum,
1255 2436 1385 2476 veteri
1418 2435 1686 2477 Onomastico

175 2503 290 2556 apud
312 2502 579 2551 Vulcanium,
602 2503 841 2543 Phavorino
863 2503 1029 2542 demum
1051 2503 1121 2556 qui
1152 2517 1203 2543 ex
1224 2503 1432 2543 veteribus
1454 2516 1529 2543 sua
1549 2503 1687 2545 omnia

176 2569 355 2609 totidem
390 2569 525 2609 verbis
566 2569 815 2622 compilavit,
850 2569 1186 2623 locupletissimo.
1248 2569 1298 2608 In
1338 2569 1481 2623 primis
1521 2569 1688 2623 quidem

178 2635 208 2675 J
211 2635 282 2674 ulii
305 2635 485 2675 Pollucis
508 2635 760 2676 editionibus
780 2636 997 2689 legebatur
1018 2637 1156 2678 σίτλας
1182 2635 1253 2675 lib.
1275 2647 1315 2689 5.
1339 2649 1465 2689 segm.
1489 2647 1555 2689 97.
1589 2637 1688 2687 Περὶ

181 2703 223 2740 δὲ
258 2705 338 2743 τοῖς
373 2702 481 2750 ὠσὶν,
518 2702 673 2753 ἕρματα,
710 2703 854 2751 διόπας,
891 2703 1070 2752 ἐλλόβια,
1109 2703 1261 2749 ἐνώτια,
1297 2702 1440 2750 ἕλικας,
1476 2704 1686 2753 ἑλικτῆρας,

182 2768 325 2808 Σίτλας
356 2770 451 2807 κατὰ
479 2768 566 2810 τοὺς
587 2768 766 2818 Αἰολέας,
790 2771 885 2808 κατὰ
916 2770 957 2808 δὲ
981 2769 1069 2809 τοὺς
1092 2768 1264 2819 Δωριέας
1294 2769 1469 2819 ἀρτίαλα.
1531 2768 1593 2806 At
1613 2766 1689 2806 viri

181 2833 412 2874 doctissimi
435 2834 665 2875 Henricum
689 2834 949 2888 Stephanum
970 2834 1100 2875 secuti
1117 2834 1368 2888 jampridem
1389 2833 1605 2886 legendum
1630 2832 1687 2872 ibi

921 2904 941 2929 c

1694 1525 1742 1558 ¹4
