<?xml version="1.0" encoding="UTF-8"?>
<!DOCTYPE html PUBLIC "-//W3C//DTD XHTML 1.0 Transitional//EN"
    "http://www.w3.org/TR/xhtml1/DTD/xhtml1-transitional.dtd">
<html xmlns="http://www.w3.org/1999/xhtml" xml:lang="en" lang="en">
 <head>
  <title>
</title>
<meta http-equiv="Content-Type" content="text/html;charset=utf-8" />
  <meta name='ocr-system' content='tesseract 3.04.00' />
  <meta name='ocr-capabilities' content='ocr_page ocr_carea ocr_par ocr_line ocrx_word'/>
</head>
<body>
  <div class='ocr_page' id='page_1' title='image "./operaexrecension08demouoft_0025.png"; bbox 0 0 1977 3209; ppageno 0'>
   <div class='ocr_carea' id='block_1_1' title="bbox 742 135 1717 178">
    <p class='ocr_par' dir='ltr' id='par_1_1' title="bbox 742 135 1717 178">
     <span class='ocr_line' id='line_1_1' title="bbox 742 135 1717 178; baseline 0.003 -4"><span class='ocrx_word' id='word_1_1' title='bbox 742 136 774 174; x_wconf 89' lang='lat' dir='ltr'>P</span> <span class='ocrx_word' id='word_1_2' title='bbox 795 136 827 174; x_wconf 25' lang='lat' dir='ltr'>R*</span> <span class='ocrx_word' id='word_1_3' title='bbox 842 136 903 174; x_wconf 74' lang='lat' dir='ltr'>AE</span> <span class='ocrx_word' id='word_1_4' title='bbox 921 136 955 175; x_wconf 81' lang='lat' dir='ltr'>F</span> <span class='ocrx_word' id='word_1_5' title='bbox 971 136 1008 174; x_wconf 76' lang='lat' dir='ltr'><strong>A</strong></span> <span class='ocrx_word' id='word_1_6' title='bbox 1027 135 1059 174; x_wconf 87' lang='grc' dir='ltr'><strong>Τ</strong></span> <span class='ocrx_word' id='word_1_7' title='bbox 1078 136 1095 174; x_wconf 88' lang='grc' dir='ltr'>Ι</span> <span class='ocrx_word' id='word_1_8' title='bbox 1112 136 1161 175; x_wconf 90' lang='grc' dir='ltr'>Ο.</span> <span class='ocrx_word' id='word_1_9' title='bbox 1643 139 1717 178; x_wconf 84' lang='lat' dir='ltr'>xxi</span> 
     </span>
    </p>
   </div>
   <div class='ocr_carea' id='block_1_2' title="bbox 192 245 1716 2758">
    <p class='ocr_par' dir='ltr' id='par_1_2' title="bbox 192 245 1716 2758">
     <span class='ocr_line' id='line_1_2' title="bbox 198 245 1711 306; baseline 0.003 -18"><span class='ocrx_word' id='word_1_10' title='bbox 198 253 222 269; x_wconf 72' lang='lat'>‘⁴&#39;</span> <span class='ocrx_word' id='word_1_11' title='bbox 246 247 287 289; x_wconf 81' lang='grc' dir='ltr'>οἱ</span> <span class='ocrx_word' id='word_1_12' title='bbox 322 246 613 306; x_wconf 79' lang='grc' dir='ltr'>πρεσβύτεροι</span> <span class='ocrx_word' id='word_1_13' title='bbox 647 248 717 290; x_wconf 80' lang='lat' dir='ltr'>vel</span> <span class='ocrx_word' id='word_1_14' title='bbox 755 249 903 292; x_wconf 83' lang='lat' dir='ltr'>solnm</span> <span class='ocrx_word' id='word_1_15' title='bbox 941 245 1078 294; x_wconf 58' lang='grc' dir='ltr'>τινὲςῑ</span> <span class='ocrx_word' id='word_1_16' title='bbox 1117 248 1333 300; x_wconf 73' lang='lat' dir='ltr'>citantur,</span> <span class='ocrx_word' id='word_1_17' title='bbox 1369 263 1483 305; x_wconf 75' lang='lat' dir='ltr'>quos</span> <span class='ocrx_word' id='word_1_18' title='bbox 1520 249 1711 305; x_wconf 84' lang='lat' dir='ltr'>quidem</span> 
     </span>
     <span class='ocr_line' id='line_1_3' title="bbox 197 321 1709 380; baseline 0.001 -15"><span class='ocrx_word' id='word_1_19' title='bbox 197 327 222 344; x_wconf 84' lang='lat'><strong>“</strong></span> <span class='ocrx_word' id='word_1_20' title='bbox 248 322 388 365; x_wconf 88' lang='lat' dir='ltr'>etiam</span> <span class='ocrx_word' id='word_1_21' title='bbox 414 322 534 379; x_wconf 83' lang='lat' dir='ltr'>ipsos</span> <span class='ocrx_word' id='word_1_22' title='bbox 562 321 799 378; x_wconf 76' lang='lat' dir='ltr'>probabile</span> <span class='ocrx_word' id='word_1_23' title='bbox 820 330 889 367; x_wconf 81' lang='lat' dir='ltr'>est</span> <span class='ocrx_word' id='word_1_24' title='bbox 905 323 1018 367; x_wconf 86' lang='lat' dir='ltr'>alios</span> <span class='ocrx_word' id='word_1_25' title='bbox 1038 338 1129 366; x_wconf 87' lang='lat' dir='ltr'>non</span> <span class='ocrx_word' id='word_1_26' title='bbox 1156 322 1296 366; x_wconf 86' lang='lat' dir='ltr'>fuisso</span> <span class='ocrx_word' id='word_1_27' title='bbox 1321 338 1458 380; x_wconf 79' lang='lat' dir='ltr'>quam</span> <span class='ocrx_word' id='word_1_28' title='bbox 1489 324 1709 368; x_wconf 73' lang='lat' dir='ltr'>rhetoras.</span> 
     </span>
     <span class='ocr_line' id='line_1_4' title="bbox 196 394 1712 455; baseline 0.002 -17"><span class='ocrx_word' id='word_1_29' title='bbox 196 402 221 418; x_wconf 70' lang='lat'>‘⁶</span> <span class='ocrx_word' id='word_1_30' title='bbox 247 394 320 438; x_wconf 87' lang='lat' dir='ltr'>De</span> <span class='ocrx_word' id='word_1_31' title='bbox 357 395 547 439; x_wconf 87' lang='lat' dir='ltr'>Zosimo</span> <span class='ocrx_word' id='word_1_32' title='bbox 586 395 750 440; x_wconf 68' lang='lat' dir='ltr'>Gazaeo</span> <span class='ocrx_word' id='word_1_33' title='bbox 789 398 860 442; x_wconf 82' lang='lat' dir='ltr'>vel</span> <span class='ocrx_word' id='word_1_34' title='bbox 894 398 1167 442; x_wconf 74' lang='lat' dir='ltr'>Ascalonita</span> <span class='ocrx_word' id='word_1_35' title='bbox 1207 412 1374 455; x_wconf 87' lang='lat' dir='ltr'>ponam</span> <span class='ocrx_word' id='word_1_36' title='bbox 1419 398 1538 441; x_wconf 84' lang='lat' dir='ltr'>infra</span> <span class='ocrx_word' id='word_1_37' title='bbox 1573 398 1712 441; x_wconf 75' lang='lat' dir='ltr'>verba</span> 
     </span>
     <span class='ocr_line' id='line_1_5' title="bbox 196 470 1711 532; baseline 0.003 -19"><span class='ocrx_word' id='word_1_38' title='bbox 196 477 222 494; x_wconf 79' lang='lat'>‘⁶</span> <span class='ocrx_word' id='word_1_39' title='bbox 247 470 428 529; x_wconf 77' lang='lat' dir='ltr'>Taylori</span> <span class='ocrx_word' id='word_1_40' title='bbox 467 470 677 527; x_wconf 86' lang='lat' dir='ltr'>(Praefat.</span> <span class='ocrx_word' id='word_1_41' title='bbox 717 474 774 517; x_wconf 86' lang='lat' dir='ltr'>ad</span> <span class='ocrx_word' id='word_1_42' title='bbox 813 474 920 532; x_wconf 71' lang='lat' dir='ltr'>Lys.</span> <span class='ocrx_word' id='word_1_43' title='bbox 958 490 1001 532; x_wconf 88' lang='lat' dir='ltr'>p.</span> <span class='ocrx_word' id='word_1_44' title='bbox 1030 474 1137 532; x_wconf 85' lang='lat'>67):</span> <span class='ocrx_word' id='word_1_45' title='bbox 1175 473 1260 517; x_wconf 87' lang='lat' dir='ltr'>sub</span> <span class='ocrx_word' id='word_1_46' title='bbox 1291 472 1541 517; x_wconf 88' lang='lat' dir='ltr'>Anastasio</span> <span class='ocrx_word' id='word_1_47' title='bbox 1580 474 1711 525; x_wconf 75' lang='lat' dir='ltr'>vixit,</span> 
     </span>
     <span class='ocr_line' id='line_1_6' title="bbox 196 546 1711 604; baseline 0.002 -15"><span class='ocrx_word' id='word_1_48' title='bbox 196 552 220 568; x_wconf 77' lang='lat'>‘⁶</span> <span class='ocrx_word' id='word_1_49' title='bbox 245 546 424 604; x_wconf 76' lang='lat' dir='ltr'>scripsit</span> <span class='ocrx_word' id='word_1_50' title='bbox 462 552 634 604; x_wconf 78' lang='lat' dir='ltr'>praeter</span> <span class='ocrx_word' id='word_1_51' title='bbox 674 547 879 593; x_wconf 84' lang='lat' dir='ltr'>Lexicon</span> <span class='ocrx_word' id='word_1_52' title='bbox 916 549 1220 593; x_wconf 85' lang='lat' dir='ltr'>Rhetoricum</span> <span class='ocrx_word' id='word_1_53' title='bbox 1253 548 1627 592; x_wconf 75' lang='lat' dir='ltr'>Commentarios</span> <span class='ocrx_word' id='word_1_54' title='bbox 1663 549 1711 592; x_wconf 87' lang='lat' dir='ltr'>in</span> 
     </span>
     <span class='ocr_line' id='line_1_7' title="bbox 197 624 1711 683; baseline -0.004 -9"><span class='ocrx_word' id='word_1_55' title='bbox 197 636 222 653; x_wconf 78' lang='lat'>‘⁶</span> <span class='ocrx_word' id='word_1_56' title='bbox 249 629 616 674; x_wconf 72' lang='lat' dir='ltr'>Demosthenem</span> <span class='ocrx_word' id='word_1_57' title='bbox 645 633 694 671; x_wconf 89' lang='lat' dir='ltr'>et</span> <span class='ocrx_word' id='word_1_58' title='bbox 721 625 905 683; x_wconf 75' lang='lat' dir='ltr'>Lysiam</span> <span class='ocrx_word' id='word_1_59' title='bbox 929 624 1097 681; x_wconf 81' lang='lat' dir='ltr'>(Suid).</span> <span class='ocrx_word' id='word_1_60' title='bbox 1137 624 1445 667; x_wconf 89' lang='lat' dir='ltr'>Interfectum</span> <span class='ocrx_word' id='word_1_61' title='bbox 1471 639 1498 668; x_wconf 87' lang='lat' dir='ltr'>a</span> <span class='ocrx_word' id='word_1_62' title='bbox 1518 624 1711 668; x_wconf 79' lang='lat' dir='ltr'>Zenone</span> 
     </span>
     <span class='ocr_line' id='line_1_8' title="bbox 196 699 1712 763; baseline -0.004 -15"><span class='ocrx_word' id='word_1_63' title='bbox 196 711 220 728; x_wconf 74' lang='lat'>‘⁶</span> <span class='ocrx_word' id='word_1_64' title='bbox 246 705 365 763; x_wconf 89' lang='lat' dir='ltr'>Imp.</span> <span class='ocrx_word' id='word_1_65' title='bbox 393 705 535 750; x_wconf 81' lang='lat' dir='ltr'>refert</span> <span class='ocrx_word' id='word_1_66' title='bbox 563 703 802 747; x_wconf 81' lang='lat' dir='ltr'>Cedrenus</span> <span class='ocrx_word' id='word_1_67' title='bbox 828 716 869 759; x_wconf 87' lang='lat' dir='ltr'>p.</span> <span class='ocrx_word' id='word_1_68' title='bbox 900 716 1005 760; x_wconf 74' lang='lat'>291,</span> <span class='ocrx_word' id='word_1_69' title='bbox 1032 700 1111 758; x_wconf 88' lang='lat' dir='ltr'>qui</span> <span class='ocrx_word' id='word_1_70' title='bbox 1138 699 1377 744; x_wconf 85' lang='lat' dir='ltr'>Zosimum</span> <span class='ocrx_word' id='word_1_71' title='bbox 1407 700 1554 743; x_wconf 70' lang='lat' dir='ltr'>virum</span> <span class='ocrx_word' id='word_1_72' title='bbox 1585 714 1712 757; x_wconf 87' lang='lat' dir='ltr'>spec-</span> 
     </span>
     <span class='ocr_line' id='line_1_9' title="bbox 194 775 1710 833; baseline -0.005 -8"><span class='ocrx_word' id='word_1_73' title='bbox 194 787 221 804; x_wconf 81' lang='grc'><strong>“</strong></span> <span class='ocrx_word' id='word_1_74' title='bbox 247 781 437 825; x_wconf 87' lang='lat' dir='ltr'>tabilem</span> <span class='ocrx_word' id='word_1_75' title='bbox 501 786 646 824; x_wconf 80' lang='lat' dir='ltr'>vocat.</span> <span class='ocrx_word' id='word_1_76' title='bbox 738 777 985 820; x_wconf 85' lang='lat' dir='ltr'>Perierunt</span> <span class='ocrx_word' id='word_1_77' title='bbox 1041 777 1203 833; x_wconf 86' lang='lat' dir='ltr'>utique</span> <span class='ocrx_word' id='word_1_78' title='bbox 1259 791 1359 833; x_wconf 72' lang='lat' dir='ltr'>qua}</span> <span class='ocrx_word' id='word_1_79' title='bbox 1418 777 1461 818; x_wconf 91' lang='lat' dir='ltr'>in</span> <span class='ocrx_word' id='word_1_80' title='bbox 1524 775 1710 833; x_wconf 71' lang='lat' dir='ltr'>Lysiam</span> 
     </span>
     <span class='ocr_line' id='line_1_10' title="bbox 195 850 1711 914; baseline -0.005 -14"><span class='ocrx_word' id='word_1_81' title='bbox 195 863 218 880; x_wconf 73' lang='lat'>‘⁵</span> <span class='ocrx_word' id='word_1_82' title='bbox 247 857 454 914; x_wconf 76' lang='lat' dir='ltr'>scripsit3</span> <span class='ocrx_word' id='word_1_83' title='bbox 494 862 700 899; x_wconf 79' lang='lat' dir='ltr'>attamen</span> <span class='ocrx_word' id='word_1_84' title='bbox 739 852 913 896; x_wconf 87' lang='lat' dir='ltr'>Zosimi</span> <span class='ocrx_word' id='word_1_85' title='bbox 946 851 1230 895; x_wconf 67' lang='lat' dir='ltr'>Ascalonita·</span> <span class='ocrx_word' id='word_1_86' title='bbox 1262 851 1435 895; x_wconf 86' lang='lat' dir='ltr'>scholia</span> <span class='ocrx_word' id='word_1_87' title='bbox 1463 853 1508 895; x_wconf 90' lang='lat' dir='ltr'>in</span> <span class='ocrx_word' id='word_1_88' title='bbox 1537 850 1711 895; x_wconf 89' lang='lat' dir='ltr'>Demo-</span> 
     </span>
     <span class='ocr_line' id='line_1_11' title="bbox 195 926 1710 986; baseline -0.005 -10"><span class='ocrx_word' id='word_1_89' title='bbox 195 938 219 955; x_wconf 80' lang='lat'><strong>“</strong></span> <span class='ocrx_word' id='word_1_90' title='bbox 244 932 455 976; x_wconf 88' lang='lat' dir='ltr'>sthenem</span> <span class='ocrx_word' id='word_1_91' title='bbox 506 932 684 975; x_wconf 77' lang='lat' dir='ltr'>diversa</span> <span class='ocrx_word' id='word_1_92' title='bbox 731 929 787 972; x_wconf 88' lang='lat' dir='ltr'>ab</span> <span class='ocrx_word' id='word_1_93' title='bbox 830 927 1018 986; x_wconf 75' lang='lat' dir='ltr'>Ulpiani</span> <span class='ocrx_word' id='word_1_94' title='bbox 1062 927 1246 971; x_wconf 77' lang='lat' dir='ltr'>scholiis</span> <span class='ocrx_word' id='word_1_95' title='bbox 1288 932 1532 971; x_wconf 82' lang='lat' dir='ltr'>servantur</span> <span class='ocrx_word' id='word_1_96' title='bbox 1571 926 1710 969; x_wconf 82' lang='lat' dir='ltr'>hodie</span> 
     </span>
     <span class='ocr_line' id='line_1_12' title="bbox 194 1001 1713 1052; baseline -0.004 -1"><span class='ocrx_word' id='word_1_97' title='bbox 194 1013 222 1031; x_wconf 67' lang='lat'>‘⁶</span> <span class='ocrx_word' id='word_1_98' title='bbox 248 1009 422 1052; x_wconf 85' lang='lat' dir='ltr'>inedita</span> <span class='ocrx_word' id='word_1_99' title='bbox 447 1023 538 1051; x_wconf 89' lang='lat' dir='ltr'>una</span> <span class='ocrx_word' id='word_1_100' title='bbox 563 1022 668 1051; x_wconf 88' lang='lat' dir='ltr'>cum</span> <span class='ocrx_word' id='word_1_101' title='bbox 694 1004 1022 1048; x_wconf 72' lang='lat' dir='ltr'>Demosthenis</span> <span class='ocrx_word' id='word_1_102' title='bbox 1047 1003 1331 1046; x_wconf 85' lang='lat' dir='ltr'>orationibus</span> <span class='ocrx_word' id='word_1_103' title='bbox 1357 1003 1402 1045; x_wconf 93' lang='lat' dir='ltr'>in</span> <span class='ocrx_word' id='word_1_104' title='bbox 1428 1001 1713 1045; x_wconf 80' lang='lat' dir='ltr'>bibliotheca</span> 
     </span>
     <span class='ocr_line' id='line_1_13' title="bbox 195 1076 1707 1138; baseline -0.006 -10"><span class='ocrx_word' id='word_1_105' title='bbox 195 1090 221 1106; x_wconf 74' lang='lat'>‘⁶</span> <span class='ocrx_word' id='word_1_106' title='bbox 248 1083 491 1134; x_wconf 75' lang='lat' dir='ltr'>Vaticana,</span> <span class='ocrx_word' id='word_1_107' title='bbox 526 1090 577 1126; x_wconf 87' lang='lat' dir='ltr'>ut</span> <span class='ocrx_word' id='word_1_108' title='bbox 611 1097 669 1126; x_wconf 81' lang='lat' dir='ltr'>ex</span> <span class='ocrx_word' id='word_1_109' title='bbox 705 1080 873 1138; x_wconf 77' lang='lat' dir='ltr'>Ryckii</span> <span class='ocrx_word' id='word_1_110' title='bbox 907 1077 1132 1138; x_wconf 84' lang='lat' dir='ltr'>Catalogo</span> <span class='ocrx_word' id='word_1_111' title='bbox 1162 1078 1268 1122; x_wconf 83' lang='lat' dir='ltr'>MS.</span> <span class='ocrx_word' id='word_1_112' title='bbox 1303 1076 1707 1122; x_wconf 85' lang='lat' dir='ltr'>didici.—Zosi1ni</span> 
     </span>
     <span class='ocr_line' id='line_1_14' title="bbox 193 1154 1712 1213; baseline -0.003 -12"><span class='ocrx_word' id='word_1_113' title='bbox 193 1165 217 1181; x_wconf 67' lang='lat'>‘⁸</span> <span class='ocrx_word' id='word_1_114' title='bbox 244 1159 290 1201; x_wconf 91' lang='lat' dir='ltr'>in</span> <span class='ocrx_word' id='word_1_115' title='bbox 329 1157 661 1201; x_wconf 82' lang='lat' dir='ltr'>Demosthenis</span> <span class='ocrx_word' id='word_1_116' title='bbox 700 1155 979 1213; x_wconf 82' lang='lat' dir='ltr'>Philippicas</span> <span class='ocrx_word' id='word_1_117' title='bbox 1011 1155 1218 1199; x_wconf 83' lang='lat' dir='ltr'>Lexicon</span> <span class='ocrx_word' id='word_1_118' title='bbox 1258 1156 1304 1197; x_wconf 90' lang='lat' dir='ltr'>in</span> <span class='ocrx_word' id='word_1_119' title='bbox 1343 1156 1504 1198; x_wconf 83' lang='lat' dir='ltr'>eadem</span> <span class='ocrx_word' id='word_1_120' title='bbox 1547 1154 1712 1197; x_wconf 86' lang='lat' dir='ltr'>biblio-</span> 
     </span>
     <span class='ocr_line' id='line_1_15' title="bbox 195 1229 1710 1278; baseline -0.003 0"><span class='ocrx_word' id='word_1_121' title='bbox 195 1241 218 1257; x_wconf 71' lang='lat'>‘·&#39;</span> <span class='ocrx_word' id='word_1_122' title='bbox 246 1233 381 1278; x_wconf 83' lang='lat' dir='ltr'>theca</span> <span class='ocrx_word' id='word_1_123' title='bbox 420 1241 579 1278; x_wconf 78' lang='lat' dir='ltr'>extare</span> <span class='ocrx_word' id='word_1_124' title='bbox 615 1238 844 1276; x_wconf 86' lang='lat' dir='ltr'>memorat</span> <span class='ocrx_word' id='word_1_125' title='bbox 887 1231 1440 1275; x_wconf 74' lang='lat' dir='ltr'>Labbaeus.—Fabricius</span> <span class='ocrx_word' id='word_1_126' title='bbox 1472 1229 1594 1273; x_wconf 85' lang='lat' dir='ltr'>Bibl.</span> <span class='ocrx_word' id='word_1_127' title='bbox 1630 1229 1710 1274; x_wconf 84' lang='lat' dir='ltr'>Gr.</span> 
     </span>
     <span class='ocr_line' id='line_1_16' title="bbox 195 1305 1715 1368; baseline -0.003 -14"><span class='ocrx_word' id='word_1_128' title='bbox 195 1316 219 1333; x_wconf 77' lang='lat'>‘⁶</span> <span class='ocrx_word' id='word_1_129' title='bbox 245 1310 333 1354; x_wconf 82' lang='lat' dir='ltr'>vol.</span> <span class='ocrx_word' id='word_1_130' title='bbox 369 1324 436 1366; x_wconf 78' lang='lat'>14.</span> <span class='ocrx_word' id='word_1_131' title='bbox 473 1325 515 1368; x_wconf 85' lang='lat' dir='ltr'>p.</span> <span class='ocrx_word' id='word_1_132' title='bbox 559 1322 627 1368; x_wconf 80' lang='lat'>15.</span> <span class='ocrx_word' id='word_1_133' title='bbox 662 1313 889 1352; x_wconf 84' lang='lat' dir='ltr'>memorat</span> <span class='ocrx_word' id='word_1_134' title='bbox 928 1306 1221 1350; x_wconf 83' lang='lat' dir='ltr'>Franciscnm</span> <span class='ocrx_word' id='word_1_135' title='bbox 1261 1306 1552 1350; x_wconf 64' lang='lat' dir='ltr'>Sahnonium</span> <span class='ocrx_word' id='word_1_136' title='bbox 1594 1305 1715 1349; x_wconf 61' lang='lat' dir='ltr'>Prte-</span> 
     </span>
     <span class='ocr_line' id='line_1_17' title="bbox 193 1382 1716 1441; baseline -0.003 -12"><span class='ocrx_word' id='word_1_137' title='bbox 193 1392 219 1410; x_wconf 84' lang='lat'><strong>“</strong></span> <span class='ocrx_word' id='word_1_138' title='bbox 245 1386 421 1429; x_wconf 87' lang='lat' dir='ltr'>fectum</span> <span class='ocrx_word' id='word_1_139' title='bbox 462 1385 767 1429; x_wconf 78' lang='lat' dir='ltr'>Bibliothecae</span> <span class='ocrx_word' id='word_1_140' title='bbox 813 1383 1077 1426; x_wconf 74' lang='lat' dir='ltr'>Sorbouicae</span> <span class='ocrx_word' id='word_1_141' title='bbox 1124 1382 1295 1426; x_wconf 83' lang='lat' dir='ltr'>habere</span> <span class='ocrx_word' id='word_1_142' title='bbox 1345 1382 1452 1426; x_wconf 73' lang='lat' dir='ltr'>MS.</span> <span class='ocrx_word' id='word_1_143' title='bbox 1502 1382 1716 1441; x_wconf 84' lang='lat' dir='ltr'>ejusdem</span> 
     </span>
     <span class='ocr_line' id='line_1_18' title="bbox 194 1458 1715 1516; baseline -0.003 -10"><span class='ocrx_word' id='word_1_144' title='bbox 194 1468 218 1484; x_wconf 75' lang='lat'>‘⁶</span> <span class='ocrx_word' id='word_1_145' title='bbox 243 1461 618 1505; x_wconf 76' lang='lat' dir='ltr'>lucubrationem</span> <span class='ocrx_word' id='word_1_146' title='bbox 646 1468 655 1484; x_wconf 72' lang='lat'><strong><em>⁶</em></strong></span> <span class='ocrx_word' id='word_1_147' title='bbox 674 1462 728 1507; x_wconf 76' lang='grc' dir='ltr'>εἰς</span> <span class='ocrx_word' id='word_1_148' title='bbox 752 1458 829 1503; x_wconf 68' lang='grc' dir='ltr'>τὸν</span> <span class='ocrx_word' id='word_1_149' title='bbox 854 1459 953 1513; x_wconf 80' lang='grc' dir='ltr'>βίον</span> <span class='ocrx_word' id='word_1_150' title='bbox 977 1463 1056 1502; x_wconf 82' lang='grc' dir='ltr'>τοῦ</span> <span class='ocrx_word' id='word_1_151' title='bbox 1081 1458 1408 1509; x_wconf 54' lang='grc' dir='ltr'>Δημοσθένους]</span> <span class='ocrx_word' id='word_1_152' title='bbox 1469 1458 1582 1502; x_wconf 77' lang='lat' dir='ltr'>Haec</span> <span class='ocrx_word' id='word_1_153' title='bbox 1599 1458 1715 1516; x_wconf 78' lang='lat' dir='ltr'>Tay-</span> 
     </span>
     <span class='ocr_line' id='line_1_19' title="bbox 195 1534 1712 1586; baseline -0.003 -5"><span class='ocrx_word' id='word_1_154' title='bbox 195 1543 219 1560; x_wconf 75' lang='lat'><em>“</em></span> <span class='ocrx_word' id='word_1_155' title='bbox 246 1537 382 1581; x_wconf 88' lang='lat' dir='ltr'>lorus.</span> <span class='ocrx_word' id='word_1_156' title='bbox 454 1536 619 1582; x_wconf 86' lang='lat' dir='ltr'>Vitam</span> <span class='ocrx_word' id='word_1_157' title='bbox 657 1537 775 1580; x_wconf 87' lang='lat' dir='ltr'>hanc</span> <span class='ocrx_word' id='word_1_158' title='bbox 815 1535 990 1579; x_wconf 85' lang='lat' dir='ltr'>Zosimi</span> <span class='ocrx_word' id='word_1_159' title='bbox 1033 1535 1252 1578; x_wconf 82' lang='lat' dir='ltr'>Reiskius</span> <span class='ocrx_word' id='word_1_160' title='bbox 1295 1552 1319 1579; x_wconf 89' lang='lat' dir='ltr'>e</span> <span class='ocrx_word' id='word_1_161' title='bbox 1360 1534 1539 1579; x_wconf 86' lang='lat' dir='ltr'>duobus</span> <span class='ocrx_word' id='word_1_162' title='bbox 1569 1534 1712 1586; x_wconf 86' lang='lat' dir='ltr'>libris,</span> 
     </span>
     <span class='ocr_line' id='line_1_20' title="bbox 196 1610 1713 1669; baseline -0.002 -12"><span class='ocrx_word' id='word_1_163' title='bbox 196 1613 453 1657; x_wconf 79' lang='lat' dir='ltr'>“Parisino</span> <span class='ocrx_word' id='word_1_164' title='bbox 494 1622 541 1656; x_wconf 85' lang='lat' dir='ltr'>et</span> <span class='ocrx_word' id='word_1_165' title='bbox 585 1612 810 1662; x_wconf 77' lang='lat' dir='ltr'>Romano,</span> <span class='ocrx_word' id='word_1_166' title='bbox 860 1611 1006 1655; x_wconf 74' lang='lat' dir='ltr'>edidit</span> <span class='ocrx_word' id='word_1_167' title='bbox 1054 1610 1210 1669; x_wconf 78' lang='lat' dir='ltr'>(Corp.</span> <span class='ocrx_word' id='word_1_168' title='bbox 1252 1610 1381 1654; x_wconf 79' lang='lat' dir='ltr'>Orat..</span> <span class='ocrx_word' id='word_1_169' title='bbox 1422 1611 1502 1654; x_wconf 82' lang='lat' dir='ltr'>Gr.</span> <span class='ocrx_word' id='word_1_170' title='bbox 1543 1610 1629 1654; x_wconf 87' lang='lat' dir='ltr'>vol.</span> <span class='ocrx_word' id='word_1_171' title='bbox 1669 1624 1713 1666; x_wconf 71' lang='lat'>4.</span> 
     </span>
     <span class='ocr_line' id='line_1_21' title="bbox 196 1687 1715 1748; baseline 0 -17"><span class='ocrx_word' id='word_1_172' title='bbox 196 1696 220 1713; x_wconf 79' lang='lat'>‘⁶</span> <span class='ocrx_word' id='word_1_173' title='bbox 248 1705 288 1748; x_wconf 90' lang='lat' dir='ltr'>p.</span> <span class='ocrx_word' id='word_1_174' title='bbox 319 1702 402 1748; x_wconf 81' lang='lat'>145</span> <span class='ocrx_word' id='word_1_175' title='bbox 435 1696 566 1747; x_wconf 62' lang='lat' dir='ltr'>sqq),</span> <span class='ocrx_word' id='word_1_176' title='bbox 594 1705 701 1747; x_wconf 75' lang='lat' dir='ltr'>quae</span> <span class='ocrx_word' id='word_1_177' title='bbox 732 1689 838 1739; x_wconf 83' lang='lat' dir='ltr'>vita,</span> <span class='ocrx_word' id='word_1_178' title='bbox 877 1688 913 1730; x_wconf 82' lang='lat' dir='ltr'>si</span> <span class='ocrx_word' id='word_1_179' title='bbox 952 1688 1025 1731; x_wconf 89' lang='lat' dir='ltr'>cui</span> <span class='ocrx_word' id='word_1_180' title='bbox 1059 1689 1499 1731; x_wconf 84' lang='lat' dir='ltr'>commentariorum</span> <span class='ocrx_word' id='word_1_181' title='bbox 1536 1687 1715 1731; x_wconf 84' lang='lat' dir='ltr'>deside-</span> 
     </span>
     <span class='ocr_line' id='line_1_22' title="bbox 195 1763 1714 1824; baseline -0.002 -15"><span class='ocrx_word' id='word_1_182' title='bbox 195 1772 220 1789; x_wconf 70' lang='lat'>·‘</span> <span class='ocrx_word' id='word_1_183' title='bbox 246 1767 365 1808; x_wconf 88' lang='lat' dir='ltr'>rium</span> <span class='ocrx_word' id='word_1_184' title='bbox 406 1765 629 1824; x_wconf 71' lang='lat' dir='ltr'>Taylorus</span> <span class='ocrx_word' id='word_1_185' title='bbox 673 1764 830 1815; x_wconf 78' lang='lat' dir='ltr'>movit,</span> <span class='ocrx_word' id='word_1_186' title='bbox 882 1763 1047 1806; x_wconf 86' lang='lat' dir='ltr'>lenibit</span> <span class='ocrx_word' id='word_1_187' title='bbox 1087 1763 1400 1816; x_wconf 81' lang='lat' dir='ltr'>desiderium3</span> <span class='ocrx_word' id='word_1_188' title='bbox 1451 1764 1566 1807; x_wconf 86' lang='lat' dir='ltr'>adeo</span> <span class='ocrx_word' id='word_1_189' title='bbox 1614 1768 1714 1806; x_wconf 88' lang='lat' dir='ltr'>tota</span> 
     </span>
     <span class='ocr_line' id='line_1_23' title="bbox 195 1838 1713 1899; baseline -0.001 -16"><span class='ocrx_word' id='word_1_190' title='bbox 195 1847 219 1865; x_wconf 73' lang='lat'>‘⁶</span> <span class='ocrx_word' id='word_1_191' title='bbox 236 1841 399 1899; x_wconf 88' lang='lat' dir='ltr'>jejuna</span> <span class='ocrx_word' id='word_1_192' title='bbox 434 1847 503 1884; x_wconf 86' lang='lat' dir='ltr'>est</span> <span class='ocrx_word' id='word_1_193' title='bbox 530 1848 577 1884; x_wconf 80' lang='lat' dir='ltr'>et</span> <span class='ocrx_word' id='word_1_194' title='bbox 608 1840 723 1883; x_wconf 92' lang='lat' dir='ltr'>nihil</span> <span class='ocrx_word' id='word_1_195' title='bbox 761 1846 927 1898; x_wconf 73' lang='lat' dir='ltr'>praeter</span> <span class='ocrx_word' id='word_1_196' title='bbox 953 1838 1158 1898; x_wconf 80' lang='lat' dir='ltr'>vulgaria</span> <span class='ocrx_word' id='word_1_197' title='bbox 1184 1845 1327 1883; x_wconf 87' lang='lat' dir='ltr'>tenet.</span> <span class='ocrx_word' id='word_1_198' title='bbox 1398 1839 1491 1882; x_wconf 81' lang='lat' dir='ltr'>Sed</span> <span class='ocrx_word' id='word_1_199' title='bbox 1517 1839 1713 1883; x_wconf 86' lang='lat' dir='ltr'>eandem</span> 
     </span>
     <span class='ocr_line' id='line_1_24' title="bbox 194 1916 1715 1974; baseline -0.001 -14"><span class='ocrx_word' id='word_1_200' title='bbox 194 1923 220 1940; x_wconf 65' lang='lat'>‘⁶</span> <span class='ocrx_word' id='word_1_201' title='bbox 246 1931 344 1960; x_wconf 82' lang='lat' dir='ltr'>esse</span> <span class='ocrx_word' id='word_1_202' title='bbox 369 1917 811 1960; x_wconf 87' lang='lat' dir='ltr'>commentariorum</span> <span class='ocrx_word' id='word_1_203' title='bbox 833 1930 1018 1973; x_wconf 82' lang='lat' dir='ltr'>quoque</span> <span class='ocrx_word' id='word_1_204' title='bbox 1044 1921 1257 1959; x_wconf 83' lang='lat' dir='ltr'>naturam</span> <span class='ocrx_word' id='word_1_205' title='bbox 1279 1917 1419 1958; x_wconf 87' lang='lat' dir='ltr'>etiam</span> <span class='ocrx_word' id='word_1_206' title='bbox 1445 1916 1591 1974; x_wconf 80' lang='lat' dir='ltr'>inagis</span> <span class='ocrx_word' id='word_1_207' title='bbox 1612 1930 1715 1972; x_wconf 88' lang='lat' dir='ltr'>per-</span> 
     </span>
     <span class='ocr_line' id='line_1_25' title="bbox 195 1990 1714 2050; baseline -0.001 -15"><span class='ocrx_word' id='word_1_208' title='bbox 195 1998 219 2015; x_wconf 85' lang='lat'>“</span> <span class='ocrx_word' id='word_1_209' title='bbox 244 1993 398 2050; x_wconf 80' lang='lat' dir='ltr'>spexit</span> <span class='ocrx_word' id='word_1_210' title='bbox 424 1992 655 2042; x_wconf 62' lang='lat' dir='ltr'>Reisldus,</span> <span class='ocrx_word' id='word_1_211' title='bbox 682 2007 790 2034; x_wconf 89' lang='lat' dir='ltr'>cum</span> <span class='ocrx_word' id='word_1_212' title='bbox 818 1991 1060 2034; x_wconf 86' lang='lat' dir='ltr'>Bianconii</span> <span class='ocrx_word' id='word_1_213' title='bbox 1086 2005 1225 2048; x_wconf 88' lang='lat' dir='ltr'>opera</span> <span class='ocrx_word' id='word_1_214' title='bbox 1255 1990 1519 2048; x_wconf 79' lang='lat' dir='ltr'>speciminis</span> <span class='ocrx_word' id='word_1_215' title='bbox 1555 2004 1714 2034; x_wconf 86' lang='lat' dir='ltr'>caussa</span> 
     </span>
     <span class='ocr_line' id='line_1_26' title="bbox 196 2065 1713 2126; baseline -0.002 -15"><span class='ocrx_word' id='word_1_216' title='bbox 196 2074 220 2092; x_wconf 86' lang='lat'>·‘</span> <span class='ocrx_word' id='word_1_217' title='bbox 247 2067 569 2111; x_wconf 86' lang='lat' dir='ltr'>commentarii</span> <span class='ocrx_word' id='word_1_218' title='bbox 619 2068 665 2110; x_wconf 93' lang='lat' dir='ltr'>in</span> <span class='ocrx_word' id='word_1_219' title='bbox 713 2067 909 2126; x_wconf 86' lang='lat' dir='ltr'>primam</span> <span class='ocrx_word' id='word_1_220' title='bbox 959 2065 1289 2124; x_wconf 84' lang='lat' dir='ltr'>Olynthiacam</span> <span class='ocrx_word' id='word_1_221' title='bbox 1329 2080 1388 2109; x_wconf 86' lang='lat' dir='ltr'>ex</span> <span class='ocrx_word' id='word_1_222' title='bbox 1433 2066 1592 2109; x_wconf 84' lang='lat' dir='ltr'>codice</span> <span class='ocrx_word' id='word_1_223' title='bbox 1632 2065 1713 2109; x_wconf 91' lang='lat' dir='ltr'>illo</span> 
     </span>
     <span class='ocr_line' id='line_1_27' title="bbox 195 2141 1713 2201; baseline -0.002 -14"><span class='ocrx_word' id='word_1_224' title='bbox 195 2149 222 2166; x_wconf 74' lang='lat'>‘⁶</span> <span class='ocrx_word' id='word_1_225' title='bbox 250 2143 482 2187; x_wconf 84' lang='lat' dir='ltr'>Vaticano</span> <span class='ocrx_word' id='word_1_226' title='bbox 509 2143 727 2201; x_wconf 85' lang='lat' dir='ltr'>descripti</span> <span class='ocrx_word' id='word_1_227' title='bbox 764 2142 848 2186; x_wconf 88' lang='lat' dir='ltr'>sibi</span> <span class='ocrx_word' id='word_1_228' title='bbox 882 2142 1006 2185; x_wconf 88' lang='lat' dir='ltr'>missi</span> <span class='ocrx_word' id='word_1_229' title='bbox 1040 2148 1220 2193; x_wconf 87' lang='lat' dir='ltr'>essent;</span> <span class='ocrx_word' id='word_1_230' title='bbox 1259 2156 1362 2184; x_wconf 86' lang='lat' dir='ltr'>nam</span> <span class='ocrx_word' id='word_1_231' title='bbox 1391 2141 1584 2184; x_wconf 89' lang='lat' dir='ltr'>verbum</span> <span class='ocrx_word' id='word_1_232' title='bbox 1620 2156 1713 2184; x_wconf 91' lang='lat' dir='ltr'>non</span> 
     </span>
     <span class='ocr_line' id='line_1_28' title="bbox 194 2214 1713 2277; baseline -0.001 -16"><span class='ocrx_word' id='word_1_233' title='bbox 194 2224 221 2242; x_wconf 73' lang='lat'>‘⁶</span> <span class='ocrx_word' id='word_1_234' title='bbox 247 2220 463 2277; x_wconf 82' lang='lat' dir='ltr'>repperit,</span> <span class='ocrx_word' id='word_1_235' title='bbox 490 2219 612 2277; x_wconf 87' lang='lat' dir='ltr'>quod</span> <span class='ocrx_word' id='word_1_236' title='bbox 649 2219 696 2262; x_wconf 88' lang='lat' dir='ltr'>in</span> <span class='ocrx_word' id='word_1_237' title='bbox 734 2218 872 2261; x_wconf 85' lang='lat' dir='ltr'>editis</span> <span class='ocrx_word' id='word_1_238' title='bbox 899 2217 1141 2276; x_wconf 84' lang='lat' dir='ltr'>Ulpianeis</span> <span class='ocrx_word' id='word_1_239' title='bbox 1167 2232 1260 2260; x_wconf 88' lang='lat' dir='ltr'>non</span> <span class='ocrx_word' id='word_1_240' title='bbox 1298 2214 1569 2275; x_wconf 72' lang='lat' dir='ltr'>legeretur.”</span> <span class='ocrx_word' id='word_1_241' title='bbox 1639 2217 1713 2260; x_wconf 89' lang='lat' dir='ltr'>De</span> 
     </span>
     <span class='ocr_line' id='line_1_29' title="bbox 194 2292 1714 2353; baseline -0.002 -14"><span class='ocrx_word' id='word_1_242' title='bbox 194 2294 385 2339; x_wconf 86' lang='lat' dir='ltr'>Zosimo</span> <span class='ocrx_word' id='word_1_243' title='bbox 411 2311 510 2353; x_wconf 63' lang='lat' dir='ltr'>quar</span> <span class='ocrx_word' id='word_1_244' title='bbox 536 2295 716 2353; x_wconf 86' lang='lat' dir='ltr'>scripsit</span> <span class='ocrx_word' id='word_1_245' title='bbox 743 2294 963 2338; x_wconf 87' lang='lat' dir='ltr'>Reiskius</span> <span class='ocrx_word' id='word_1_246' title='bbox 991 2293 1018 2336; x_wconf 92' lang='grc'>1.</span> <span class='ocrx_word' id='word_1_247' title='bbox 1040 2308 1078 2337; x_wconf 88' lang='lat' dir='ltr'>c.</span> <span class='ocrx_word' id='word_1_248' title='bbox 1099 2308 1142 2352; x_wconf 89' lang='lat' dir='ltr'>p.</span> <span class='ocrx_word' id='word_1_249' title='bbox 1168 2307 1270 2352; x_wconf 79' lang='lat'>143.</span> <span class='ocrx_word' id='word_1_250' title='bbox 1295 2293 1392 2336; x_wconf 81' lang='lat' dir='ltr'>haec</span> <span class='ocrx_word' id='word_1_251' title='bbox 1417 2298 1550 2336; x_wconf 88' lang='lat' dir='ltr'>sunt:</span> <span class='ocrx_word' id='word_1_252' title='bbox 1578 2299 1604 2316; x_wconf 71' lang='lat'>‘⁶</span> <span class='ocrx_word' id='word_1_253' title='bbox 1622 2292 1714 2337; x_wconf 90' lang='lat' dir='ltr'>Zo-</span> 
     </span>
     <span class='ocr_line' id='line_1_30' title="bbox 193 2391 1713 2440; baseline 0.001 -15"><span class='ocrx_word' id='word_1_254' title='bbox 193 2394 297 2437; x_wconf 81' lang='grc' dir='ltr'>λόγον</span> <span class='ocrx_word' id='word_1_255' title='bbox 317 2393 456 2439; x_wconf 84' lang='grc' dir='ltr'>θεωρίας</span> <span class='ocrx_word' id='word_1_256' title='bbox 485 2391 537 2426; x_wconf 80' lang='grc' dir='ltr'>καὶ</span> <span class='ocrx_word' id='word_1_257' title='bbox 566 2393 745 2438; x_wconf 81' lang='grc' dir='ltr'>διαιρέσεις</span> <span class='ocrx_word' id='word_1_258' title='bbox 775 2393 1051 2438; x_wconf 75' lang='grc' dir='ltr'>συγ-γράψαντες,</span> <span class='ocrx_word' id='word_1_259' title='bbox 1074 2391 1163 2426; x_wconf 83' lang='lat' dir='ltr'>ibid.</span> <span class='ocrx_word' id='word_1_260' title='bbox 1191 2391 1243 2440; x_wconf 84' lang='lat' dir='ltr'>[p.</span> <span class='ocrx_word' id='word_1_261' title='bbox 1272 2400 1356 2438; x_wconf 60' lang='grc'><strong>195,</strong></span> <span class='ocrx_word' id='word_1_262' title='bbox 1383 2392 1462 2437; x_wconf 72' lang='grc'>22.]</span> <span class='ocrx_word' id='word_1_263' title='bbox 1497 2393 1626 2427; x_wconf 78' lang='grc' dir='ltr'>οὐδένες</span> <span class='ocrx_word' id='word_1_264' title='bbox 1648 2396 1713 2426; x_wconf 79' lang='grc' dir='ltr'>τῶν</span> 
     </span>
     <span class='ocr_line' id='line_1_31' title="bbox 192 2454 1707 2503; baseline 0.001 -14"><span class='ocrx_word' id='word_1_265' title='bbox 192 2457 258 2501; x_wconf 84' lang='grc' dir='ltr'>πρὸ</span> <span class='ocrx_word' id='word_1_266' title='bbox 278 2456 368 2499; x_wconf 81' lang='grc' dir='ltr'>ἡμῶν</span> <span class='ocrx_word' id='word_1_267' title='bbox 389 2455 544 2503; x_wconf 89' lang='lat' dir='ltr'>Philipp.</span> <span class='ocrx_word' id='word_1_268' title='bbox 567 2456 633 2490; x_wconf 89' lang='lat' dir='ltr'>IV.</span> <span class='ocrx_word' id='word_1_269' title='bbox 660 2457 710 2502; x_wconf 92' lang='lat' dir='ltr'>[p.</span> <span class='ocrx_word' id='word_1_270' title='bbox 730 2467 816 2502; x_wconf 76' lang='lat'>193,</span> <span class='ocrx_word' id='word_1_271' title='bbox 836 2456 913 2502; x_wconf 65' lang='lat'>28]</span> <span class='ocrx_word' id='word_1_272' title='bbox 978 2456 1019 2490; x_wconf 90' lang='lat' dir='ltr'>In</span> <span class='ocrx_word' id='word_1_273' title='bbox 1041 2455 1158 2490; x_wconf 85' lang='lat' dir='ltr'>schol.</span> <span class='ocrx_word' id='word_1_274' title='bbox 1182 2455 1228 2489; x_wconf 84' lang='lat' dir='ltr'>ad</span> <span class='ocrx_word' id='word_1_275' title='bbox 1249 2454 1405 2501; x_wconf 83' lang='lat' dir='ltr'>Olynth.</span> <span class='ocrx_word' id='word_1_276' title='bbox 1422 2455 1449 2489; x_wconf 94' lang='lat' dir='ltr'>I.</span> <span class='ocrx_word' id='word_1_277' title='bbox 1477 2455 1528 2502; x_wconf 87' lang='lat' dir='ltr'>[p.</span> <span class='ocrx_word' id='word_1_278' title='bbox 1544 2466 1608 2501; x_wconf 81' lang='lat'>32,</span> <span class='ocrx_word' id='word_1_279' title='bbox 1630 2456 1707 2502; x_wconf 85' lang='lat'>13.]</span> 
     </span>
     <span class='ocr_line' id='line_1_32' title="bbox 194 2518 1705 2567; baseline 0.001 -14"><span class='ocrx_word' id='word_1_280' title='bbox 194 2525 378 2565; x_wconf 85' lang='lat' dir='ltr'>quattuor,</span> <span class='ocrx_word' id='word_1_281' title='bbox 406 2520 453 2554; x_wconf 84' lang='lat' dir='ltr'>ad</span> <span class='ocrx_word' id='word_1_282' title='bbox 481 2520 643 2567; x_wconf 82' lang='lat' dir='ltr'>Olynth.</span> <span class='ocrx_word' id='word_1_283' title='bbox 665 2519 716 2554; x_wconf 91' lang='grc' dir='ltr'>ΙΙ.</span> <span class='ocrx_word' id='word_1_284' title='bbox 743 2520 794 2566; x_wconf 87' lang='lat' dir='ltr'>[p.</span> <span class='ocrx_word' id='word_1_285' title='bbox 817 2519 880 2567; x_wconf 83' lang='lat'>96,</span> <span class='ocrx_word' id='word_1_286' title='bbox 903 2520 956 2566; x_wconf 87' lang='lat'>7.]</span> <span class='ocrx_word' id='word_1_287' title='bbox 990 2524 1077 2558; x_wconf 51' lang='lat' dir='ltr'>tre-²,</span> <span class='ocrx_word' id='word_1_288' title='bbox 1101 2518 1194 2553; x_wconf 89' lang='lat' dir='ltr'>Phil.</span> <span class='ocrx_word' id='word_1_289' title='bbox 1218 2518 1247 2553; x_wconf 92' lang='lat' dir='ltr'>I.</span> <span class='ocrx_word' id='word_1_290' title='bbox 1273 2518 1324 2566; x_wconf 87' lang='lat' dir='ltr'>[p.</span> <span class='ocrx_word' id='word_1_291' title='bbox 1352 2531 1436 2566; x_wconf 84' lang='lat'>149‚</span> <span class='ocrx_word' id='word_1_292' title='bbox 1456 2519 1491 2553; x_wconf 85' lang='lat'>6.</span> <span class='ocrx_word' id='word_1_293' title='bbox 1521 2529 1604 2566; x_wconf 84' lang='lat'>150,</span> <span class='ocrx_word' id='word_1_294' title='bbox 1624 2519 1705 2565; x_wconf 60' lang='lat'>24]</span> 
     </span>
     <span class='ocr_line' id='line_1_33' title="bbox 193 2581 1709 2630; baseline 0.002 -16"><span class='ocrx_word' id='word_1_295' title='bbox 193 2581 347 2617; x_wconf 70' lang='lat' dir='ltr'>diversae</span> <span class='ocrx_word' id='word_1_296' title='bbox 362 2582 592 2618; x_wconf 79' lang='lat' dir='ltr'>diversorum</span> <span class='ocrx_word' id='word_1_297' title='bbox 609 2583 935 2630; x_wconf 80' lang='lat' dir='ltr'>interpretationes</span> <span class='ocrx_word' id='word_1_298' title='bbox 957 2587 1228 2629; x_wconf 86' lang='lat' dir='ltr'>proponuntur,</span> <span class='ocrx_word' id='word_1_299' title='bbox 1251 2594 1407 2629; x_wconf 88' lang='lat' dir='ltr'>quorum</span> <span class='ocrx_word' id='word_1_300' title='bbox 1428 2595 1515 2617; x_wconf 89' lang='lat' dir='ltr'>vero</span> <span class='ocrx_word' id='word_1_301' title='bbox 1536 2581 1620 2624; x_wconf 87' lang='lat' dir='ltr'>sint,</span> <span class='ocrx_word' id='word_1_302' title='bbox 1635 2595 1709 2617; x_wconf 90' lang='lat' dir='ltr'>non</span> 
     </span>
     <span class='ocr_line' id='line_1_34' title="bbox 194 2646 1711 2695; baseline 0.001 -15"><span class='ocrx_word' id='word_1_303' title='bbox 194 2646 339 2682; x_wconf 86' lang='lat' dir='ltr'>dicitur.</span> <span class='ocrx_word' id='word_1_304' title='bbox 399 2648 492 2691; x_wconf 82' lang='lat' dir='ltr'>Quae</span> <span class='ocrx_word' id='word_1_305' title='bbox 523 2649 559 2682; x_wconf 91' lang='lat' dir='ltr'>in</span> <span class='ocrx_word' id='word_1_306' title='bbox 592 2648 658 2683; x_wconf 85' lang='lat' dir='ltr'>hac</span> <span class='ocrx_word' id='word_1_307' title='bbox 689 2648 927 2694; x_wconf 74' lang='lat' dir='ltr'>proximaque</span> <span class='ocrx_word' id='word_1_308' title='bbox 958 2647 1198 2682; x_wconf 80' lang='lat' dir='ltr'>annotatione</span> <span class='ocrx_word' id='word_1_309' title='bbox 1229 2647 1352 2682; x_wconf 87' lang='lat' dir='ltr'>attulit</span> <span class='ocrx_word' id='word_1_310' title='bbox 1385 2647 1551 2682; x_wconf 83' lang='lat' dir='ltr'>Meierus</span> <span class='ocrx_word' id='word_1_311' title='bbox 1583 2648 1711 2695; x_wconf 84' lang='lat' dir='ltr'>augeri</span> 
     </span>
     <span class='ocr_line' id='line_1_35' title="bbox 194 2711 1579 2758; baseline 0.003 -16"><span class='ocrx_word' id='word_1_312' title='bbox 194 2716 350 2755; x_wconf 77' lang='lat' dir='ltr'>possunt</span> <span class='ocrx_word' id='word_1_313' title='bbox 370 2711 461 2746; x_wconf 84' lang='lat' dir='ltr'>locis</span> <span class='ocrx_word' id='word_1_314' title='bbox 482 2712 518 2746; x_wconf 92' lang='lat' dir='ltr'>in</span> <span class='ocrx_word' id='word_1_315' title='bbox 540 2712 668 2747; x_wconf 83' lang='lat' dir='ltr'>Indice</span> <span class='ocrx_word' id='word_1_316' title='bbox 689 2717 818 2747; x_wconf 83' lang='lat' dir='ltr'>nostro</span> <span class='ocrx_word' id='word_1_317' title='bbox 839 2711 1010 2746; x_wconf 76' lang='lat' dir='ltr'>indicatis</span> <span class='ocrx_word' id='word_1_318' title='bbox 1031 2723 1058 2745; x_wconf 82' lang='lat' dir='ltr'>s.</span> <span class='ocrx_word' id='word_1_319' title='bbox 1074 2724 1106 2745; x_wconf 76' lang='lat' dir='ltr'>v.</span> <span class='ocrx_word' id='word_1_320' title='bbox 1138 2711 1373 2755; x_wconf 80' lang='grc' dir='ltr'>Δημοσθένους</span> <span class='ocrx_word' id='word_1_321' title='bbox 1393 2712 1579 2758; x_wconf 61' lang='grc' dir='ltr'>ἐξηγηταί]</span> 
     </span>
    </p>
   </div>
   <div class='ocr_carea' id='block_1_3' title="bbox 196 2771 1706 2880">
    <p class='ocr_par' dir='ltr' id='par_1_3' title="bbox 196 2771 1706 2880">
     <span class='ocr_line' id='line_1_36' title="bbox 249 2771 1706 2823; baseline 0 -14"><span class='ocrx_word' id='word_1_322' title='bbox 249 2771 260 2792; x_wconf 49' lang='grc' dir='ltr'>Γ</span> <span class='ocrx_word' id='word_1_323' title='bbox 288 2773 415 2809; x_wconf 84' lang='lat' dir='ltr'>Schol.</span> <span class='ocrx_word' id='word_1_324' title='bbox 439 2776 596 2823; x_wconf 54' lang='lat' dir='ltr'>Olynth.</span> <span class='ocrx_word' id='word_1_325' title='bbox 621 2776 648 2810; x_wconf 92' lang='lat' dir='ltr'>I.</span> <span class='ocrx_word' id='word_1_326' title='bbox 676 2776 728 2822; x_wconf 86' lang='lat' dir='ltr'>[p.</span> <span class='ocrx_word' id='word_1_327' title='bbox 755 2786 817 2821; x_wconf 59' lang='lat'>37,</span> <span class='ocrx_word' id='word_1_328' title='bbox 839 2776 918 2821; x_wconf 51' lang='lat'>20]</span> <span class='ocrx_word' id='word_1_329' title='bbox 954 2775 990 2810; x_wconf 92' lang='lat' dir='ltr'>II</span> <span class='ocrx_word' id='word_1_330' title='bbox 1031 2776 1083 2822; x_wconf 88' lang='lat' dir='ltr'>[p.</span> <span class='ocrx_word' id='word_1_331' title='bbox 1107 2775 1168 2823; x_wconf 81' lang='lat'>89,</span> <span class='ocrx_word' id='word_1_332' title='bbox 1188 2775 1237 2821; x_wconf 91' lang='lat'>7.]</span> <span class='ocrx_word' id='word_1_333' title='bbox 1293 2775 1468 2809; x_wconf 71' lang='lat' dir='ltr'>Aristocr.</span> <span class='ocrx_word' id='word_1_334' title='bbox 1492 2775 1535 2809; x_wconf 82' lang='lat' dir='ltr'>ad</span> <span class='ocrx_word' id='word_1_335' title='bbox 1559 2788 1591 2821; x_wconf 88' lang='lat' dir='ltr'>p.</span> <span class='ocrx_word' id='word_1_336' title='bbox 1617 2775 1706 2819; x_wconf 66' lang='lat'>623,</span> 
     </span>
     <span class='ocr_line' id='line_1_37' title="bbox 196 2836 295 2880; baseline 0.01 -11"><span class='ocrx_word' id='word_1_337' title='bbox 196 2848 229 2880; x_wconf 73' lang='lat'>5.</span> <span class='ocrx_word' id='word_1_338' title='bbox 253 2836 295 2870; x_wconf 82' lang='lat' dir='ltr'>al.</span> 
     </span>
    </p>
   </div>
  </div>
 </body>
</html>
