1977 3209
258 129 285 153 x
803 114 1232 153 PRAEFATIO.

259 222 370 265 artis
394 222 564 266 criticae
589 221 761 281 regulis
786 222 991 265 nondum
1018 228 1117 265 erat
1136 222 1369 266 adstricta.
1407 222 1587 266 Prodiit
1611 226 1767 265 autem

262 296 425 341 Wolfii
462 298 604 342 editio
642 297 838 342 Basileae
875 312 914 341 a.
948 309 1083 357 1572.
1117 298 1321 356 quinque
1356 298 1563 356 partibus
1598 298 1645 341 in
1678 297 1770 340 duo

260 373 500 418 volumina
546 375 714 425 divisis,
764 388 958 432 quarum
1015 374 1183 417 ultima
1227 373 1399 417 scholia
1445 373 1773 432 complectitur

260 450 451 508 adjectis
476 451 521 493 in
546 450 638 493 fine
663 449 848 493 scholiis
877 449 1047 493 codicis
1075 448 1371 493 Monacensis
1396 448 1456 493 A.
1484 455 1531 493 et
1556 449 1772 493 brevibus

260 525 636 569 annotationibus
661 525 983 583 excerptisque
1009 540 1067 569 ex
1104 525 1308 568 editione
1334 524 1542 568 Parisina
1567 524 1771 575 Morelii‚

261 616 362 658 quae
386 601 620 659 prodierat
645 615 790 659 quum
816 599 1053 645 lVolfiana
1077 600 1134 645 ab
1160 600 1448 660 typographo
1477 615 1620 659 prope
1644 600 1775 644 abso-

261 676 361 720 luta
383 682 517 720 esset.

330 751 494 795 Wolfii
523 752 665 795 editio
700 752 771 795 bis
807 752 928 795 intra
963 751 1102 795 breve
1137 752 1358 810 temporis
1395 753 1609 809 spatium,
1636 751 1775 795 nullis

261 827 394 871 factis
419 827 770 878 imitationibus,
797 828 997 885 repetita
1032 827 1216 885 prodiit,
1249 825 1286 869 F
1289 827 1540 870 rancofurti
1567 842 1605 870 a.
1638 827 1774 883 1604.

263 908 310 946 et
335 901 539 945 Aureliae
564 901 875 961 Allobrogum
901 917 939 946 a.
963 902 1099 961 1607.
1161 902 1339 946 Eadem
1364 908 1587 960 tanquam
1614 902 1778 946 funda-

261 984 422 1022 mento
459 993 567 1022 usus
600 984 669 1022 est
707 977 815 1022 Gul.
851 977 1013 1036 Steph.
1044 976 1305 1030 Dobsonus,
1343 979 1419 1035 qui
1459 979 1776 1022 recensionem

262 1053 542 1098 scholiorum
582 1052 867 1096 Wolfianam
915 1053 1130 1097 editionis
1173 1052 1451 1098 Morelianae
1498 1053 1777 1097 lectionibus

263 1135 445 1173 auctam
474 1136 521 1173 et
547 1130 908 1173 commodiorem
934 1130 980 1172 in
1006 1129 1203 1173 formam
1234 1129 1468 1173 redactam
1505 1129 1553 1171 iu
1589 1134 1775 1172 sextum

265 1204 482 1249 editionis
518 1219 608 1247 sua}
647 1203 815 1258 (Lond.
849 1219 886 1247 a.
921 1203 1076 1256 1828.)
1111 1203 1329 1248 volumen
1366 1205 1553 1262 recepit,
1596 1204 1778 1261 adjecta

265 1280 519 1338 appendice
556 1280 835 1323 scholiorum
868 1295 967 1338 qua*
998 1279 1216 1324 Reiskius
1252 1295 1311 1324 ex
1348 1280 1582 1324 codicibus
1610 1279 1777 1323 Mona-

266 1356 477 1400 censibus
502 1354 562 1399 A.
589 1362 636 1399 et
661 1355 715 1398 Β.
743 1355 1063 1414 Lessingiique
1089 1355 1343 1414 exemplari
1375 1356 1564 1407 Ammo,
1591 1356 1649 1399 de
1685 1370 1776 1413 quo

267 1431 387 1475 dixit
419 1432 465 1474 in
503 1432 769 1490 praefatione
806 1432 894 1476 vol.
930 1432 966 1475 I.
1004 1447 1046 1490 p.
1086 1432 1244 1482 lxxiv,
1288 1432 1615 1490 descripserat:
1652 1431 1776 1489 quod

265 1507 505 1565 exemplar
529 1507 643 1550 nihil
669 1508 877 1551 continet
902 1514 1068 1566 practer
1092 1523 1238 1566 pauca
1262 1508 1472 1565 quaedam
1498 1506 1776 1550 scholiorum

263 1590 496 1642 excerpta,
522 1585 689 1642 partim
726 1600 784 1628 ex
821 1585 979 1628 codice
1015 1585 1092 1642 qui
1118 1584 1278 1628 similis
1303 1584 1392 1628 fuit
1419 1582 1694 1627 Monac-ensi
1720 1583 1774 1628 B.

264 1660 423 1718 petita,
473 1660 692 1704 admixtis
747 1661 887 1703 etiam
937 1660 1114 1704 duabus
1172 1660 1550 1704 annotationibus
1609 1660 1777 1717 partim

267 1736 446 1779 Latinis
464 1741 494 1779 a.

333 1810 519 1855 Scholia
557 1812 603 1854 in
646 1813 875 1855 orationes
908 1811 1209 1871 Olynthiacas
1249 1811 1652 1869 Philippicamque
1690 1811 1778 1868 pri-

264 1901 385 1929 mam
430 1887 596 1944 passim
638 1887 884 1930 emendata
931 1888 1159 1931 Ricardus
1203 1886 1538 1930 Mounteneius
1585 1886 1778 1930 editioni

265 1963 427 2005 harum
465 1963 725 2006 orationum
763 1977 858 2006 suae
891 1963 1080 2014 addidit,
1109 1978 1209 2020 quac
1234 1963 1435 2020 primum
1461 1962 1632 2020 prodiit
1659 1961 1778 2005 Can-

263 2039 470 2098 tabrigiac
496 2040 616 2098 typis
641 2039 938 2084 Academicis
962 2055 1002 2083 a.
1032 2053 1185 2099 1731.,
1210 2039 1456 2098 aliquoties
1481 2039 1778 2098 postmodum

266 2115 313 2156 in
360 2113 603 2158 Britannia
648 2116 860 2172 repet-ita.
945 2114 1079 2158 Idem
1124 2115 1381 2172 praefationi
1430 2129 1520 2158 suae
1565 2114 1780 2171 adjunxit

265 2189 309 2234 J.
342 2189 632 2249 Chapmanni
669 2192 1111 2235 commentationem
1157 2192 1214 2235 de
1254 2191 1458 2249 Ulpiano
1499 2190 1778 2234 scholiorum

266 2273 454 2311 auctore
480 2267 619 2325 vulgo
645 2267 829 2311 habito:
868 2283 1006 2325 quam
1034 2267 1295 2326 praefationi
1320 2282 1438 2311 meae
1465 2267 1652 2325 subjeci.

332 2342 603 2386 Orationem
652 2343 708 2385 de
756 2342 868 2386 falsa
915 2343 1147 2402 legatione
1206 2358 1312 2386 cum
1372 2342 1556 2386 scholiis
1604 2341 1779 2385 Oxonii

266 2433 306 2461 a.
350 2430 486 2476 1721.
532 2418 678 2460 edidit
721 2417 783 2460 H.
813 2417 1055 2470 Brookius,
1099 2420 1177 2476 qui
1226 2425 1352 2462 totus
1393 2419 1451 2461 ab
1492 2418 1780 2477 Hieronymo

270 2492 448 2536 Wolfio
473 2494 660 2551 pendet.

321 2621 340 2640 a
369 2613 433 2649 Ad
453 2627 487 2660 p.
510 2614 599 2661 364,
619 2627 677 2661 13.
709 2615 791 2652 ἴσως
815 2618 993 2660 ἐσώθησαν
1023 2619 1103 2652 κατὰ
1137 2620 1175 2652 τὸ
1205 2619 1317 2653 εἰωθὸς
1347 2619 1437 2664 παρὰ
1468 2620 1536 2652 τοῖς
1565 2618 1718 2657 λατίνοις,
1740 2618 1783 2653 ὠς

266 2681 377 2721 λίβιος
407 2680 537 2714 milites·
569 2681 715 2715 vicimus
739 2694 810 2728 pro
833 2710 1003 2717 .....
1036 2689 1073 2717 ut
1105 2688 1238 2718 certum
1274 2683 1448 2730 quoddam
1480 2683 1677 2717 institutum
1708 2695 1783 2717 esse

266 2743 439 2777 videatur.
481 2749 517 2777 et
538 2742 626 2789 365,
650 2754 682 2788 3.
704 2745 741 2777 τὸ
761 2744 950 2784 ἀσύνδετον,
973 2745 1054 2790 ὅπερ
1074 2748 1131 2788 τῆς
1150 2749 1353 2792 γοργότητος
1373 2748 1461 2781 δοκεῖ
1481 2743 1559 2780 εἶναι
1580 2747 1661 2779 κατὰ
1681 2747 1783 2780 ταύτὰ

267 2804 427 2853 rq'ijcrte
447 2806 698 2852 citifhmmms,
722 2807 801 2841 date
822 2807 902 2847 tela,
925 2809 1082 2842 scandite
1102 2821 1230 2843 muros.
