1977 3209
740 131 816 170 DE
850 131 1133 171 ULPIANO.
1634 134 1690 174 xli

186 233 281 280 Hic,
305 238 352 273 ut
373 233 533 281 videtis,
560 235 671 284 (nam
694 234 944 284 Halloixius‚
968 235 1037 288 qui
1058 235 1146 275 haee
1168 236 1294 275 verba
1315 235 1356 274 in
1378 236 1549 276 dubium
1570 252 1688 278 voea-

184 299 255 348 vit,
276 314 357 339 non
389 304 453 339 est
482 300 724 349 audiendus,
747 301 809 340 uti
831 302 1015 341 ostendit
1038 301 1236 341 Usserius
1267 301 1377 341 idem
1408 304 1684 356 κριτικώτατος)

184 366 364 406 calendae
388 366 587 406 Romanae
609 381 692 405 non
713 368 810 407 solae
832 372 873 407 et
896 368 1099 421 simplices
1120 368 1399 416 nominantur,
1423 369 1495 408 sed
1516 370 1687 423 praefixo
1703 386 1749 423 25

183 433 236 472 ab
259 447 340 472 uno
361 434 587 486 eodemque
613 433 814 486 scriptore
843 434 1120 473 Macedonum
1141 449 1280 474 mense.
1312 435 1543 476 Xanthico.
1607 436 1688 476 Ga-

182 499 298 538 lenus
328 500 440 552 apud
461 500 725 539 Theodorum
748 500 944 539 Gazaeum
976 501 1026 540 do
1056 501 1273 540 Mensibus
1294 516 1383 554 cap.
1403 514 1443 554 5.
1470 501 1588 542 ’Έστι
1616 504 1689 552 μὲν

183 567 415 616 ὡραιότατον
435 569 499 616 τῆς
531 565 669 615 ἐλάτης
699 566 742 604 τὸ
775 566 928 616 σπέρμα
957 567 1044 617 περὶ
1073 566 1142 615 τὴν
1169 568 1353 616 ἐπιτολὴν
1372 571 1438 607 τοῦ
1469 569 1686 620 ἀρκτούρου,

183 632 289 671 ὅστις
321 631 447 682 καιρὸς
478 634 520 672 ἐν
540 631 665 686 Ῥώμῃ
697 633 716 670 ὁ
748 633 981 681 καλούμενος
1010 634 1081 681 μὲν
1102 633 1257 686 (legere
1288 648 1370 673 non
1401 633 1589 674 dubitem
1614 636 1690 685 μὴν

182 699 348 750 mensis)
370 698 633 750 Σεπτέμβριός
661 700 756 739 ἐστι.
818 698 1038 738 Perrelius.
1100 700 1181 738 Est
1211 701 1472 739 maturimum
1503 701 1689 752 (rectius,

181 765 518 815 matwissimznn)
539 766 1004 816 tempestivissz‘mnmque
1021 765 1165 805 abietis
1184 779 1316 805 semen
1337 767 1502 805 circiter
1517 768 1691 807 Arcturi

182 835 327 880 ortum,
359 833 466 881 quod
494 835 658 885 tempus
690 832 834 871 Romae
866 832 1137 882 Septembrem
1165 837 1323 872 vocant.
1387 833 1458 873 Ita
1485 833 1690 887 Cynulcus

182 898 294 950 apud
320 898 574 938 Athenaeum
596 898 665 938 lib.
690 911 729 951 3.
790 897 840 937 ‘O
872 896 902 936 δ’
936 898 1048 938 αὐτὸς
1079 899 1186 939 οὗτος
1217 899 1409 950 σοφιστὴς
1439 902 1690 953 Φεβρουαρίῳ

182 964 270 1013 μηνὶ
292 965 341 1005 ὡς
360 964 539 1014 Ῥωμαῖοι
560 964 724 1015 λέγουσι
744 964 818 1003 Sco.
879 964 1109 1016 Inter-pres,
1140 964 1223 1003 Hic
1244 965 1328 1015 ipse
1351 966 1533 1016 sophista
1560 981 1692 1006 mense

182 1031 405 1070 Februario
427 1035 474 1070 ut
499 1031 675 1070 Romani
697 1032 926 1082 loquuntur.
989 1031 1060 1070 Ita
1087 1029 1315 1083 Eunapius.
1360 1029 1413 1070 ‘H
1442 1032 1547 1082 τρίτη
1575 1034 1616 1071 δὲ
1645 1033 1693 1082 ἣν

182 1095 305 1146 ἡμέρα
334 1101 408 1136 τῶν
429 1100 640 1145 καλανδῶν,
664 1096 708 1137 ἃς
733 1098 851 1137 οὕτως
869 1095 1107 1146 Ἰανουαρίας
1130 1096 1272 1146 ἡμέρας
1291 1095 1473 1146 Ῥωμαῖοι
1502 1114 1691 1148 προσονο-

182 1161 358 1210 μάζουσι.
423 1163 647 1216 interpres.
696 1164 857 1202 Tertius
884 1164 1078 1202 illuoeerat
1107 1163 1192 1201 dies
1216 1176 1240 1201 α
1263 1164 1443 1203 calendis
1463 1165 1692 1215 Jannariis,

183 1242 284 1279 quas
310 1229 370 1268 ita
398 1229 578 1269 Romani
610 1233 855 1280 nuncupant.
918 1228 1070 1268 Euseb.
1097 1228 1214 1268 Hist.
1248 1229 1361 1269 Eecl.
1388 1229 1459 1270 lib.
1484 1231 1520 1269 8.
1551 1230 1593 1269 in
1617 1245 1689 1285 ap-

183 1294 366 1348 pendice.
423 1294 541 1336 ’Έτος
576 1300 686 1335 τοῦτο
720 1296 767 1345 ἦν
798 1295 1132 1335 ἐννεακαιδέκατον
1161 1298 1226 1345 τῆς
1262 1296 1543 1346 Διοκλητιάνου
1572 1301 1692 1347 βασι-

182 1361 303 1408 λείας,
338 1362 526 1402 ’Ξανθικὸς
555 1363 641 1412 μὴν,
674 1361 715 1402 ὃς
745 1360 886 1413 λέγοιτ’
920 1361 967 1401 ἂν
986 1360 1215 1412 Ἀπρίλλιος
1246 1365 1340 1402 κατὰ
1368 1361 1590 1412 Ῥωμαίους,
1614 1365 1691 1404 Sto.

186 1427 354 1467 valesio
385 1427 627 1481 interprete.
687 1430 807 1468 Anno
838 1430 999 1480 imperii
1029 1430 1279 1468 Diocletiani
1309 1443 1411 1468 nono
1448 1443 1497 1468 ac
1528 1430 1694 1480 decimo,

183 1507 315 1533 mense
335 1494 542 1534 Xanthieo
564 1508 678 1546 quem
700 1495 878 1535 Romani
894 1494 1082 1548 Aprilem
1098 1499 1243 1534 vocant
1267 1496 1339 1534 &o.
1404 1494 1521 1534 Idem
1542 1509 1633 1549 cap.
1657 1510 1692 1536 1.

184 1559 282 1598 ibid.
336 1561 482 1600 Δεσίου
502 1562 621 1610 μηνὸς
643 1562 775 1612 ὀγδόῃ,
801 1561 905 1611 (Sive
928 1562 1075 1615 ἑβδόμῃ
1097 1566 1145 1601 ut
1161 1561 1248 1601 vult
1266 1561 1479 1613 Valesius)
1502 1562 1575 1612 πρὸ
1599 1564 1696 1603 ἑπτὰ

185 1627 295 1666 εἰδῶν
313 1625 482 1666 ’Ῑουνίων
502 1626 645 1678 λέγοιτ’
669 1627 716 1666 ἂν
736 1629 839 1677 παρὰ
858 1626 1072 1677 Ῥωμαίοις.
1133 1629 1213 1667 Die
1234 1633 1374 1667 octavo
1398 1629 1546 1667 mensis
1565 1629 1694 1676 Desii,

184 1694 258 1732 hoc
279 1698 338 1732 est
358 1698 405 1733 ut
427 1693 604 1734 Romani
626 1694 769 1733 dieunt
791 1698 885 1733 ante
907 1694 1011 1732 diem
1031 1695 1242 1745 septimum
1258 1695 1350 1734 idus
1365 1695 1529 1734 Junias.
1593 1694 1693 1747 Cap.

184 1760 275 1799 eod.
293 1761 368 1800 sub
385 1760 456 1800 fin.
520 1763 618 1800 Δίου
638 1761 757 1811 μηνὸς
779 1759 1092 1814 ἑπτακαιδεκάτῃ·
1131 1762 1224 1811 αὕτη
1240 1763 1344 1811 παρὰ
1358 1760 1560 1810 Ῥωμαίοις
1579 1761 1602 1810 ἡ
1623 1761 1696 1812 πρὸ

185 1826 391 1866 δεκαπέντε
414 1830 613 1866 καλανδῶν
635 1827 897 1877 Δεκεμβρίων.
960 1827 1042 1865 Die
1068 1827 1236 1877 septimo
1261 1827 1414 1866 decimo
1441 1828 1589 1866 mensis
1608 1828 1695 1877 Dii,

185 1894 292 1944 quod
310 1897 369 1932 est
390 1893 502 1945 apud
531 1892 742 1932 Romanos
771 1897 864 1932 ante
892 1894 997 1932 diem
1024 1903 1085 1945 15.
1120 1894 1197 1931 cal.
1220 1894 1467 1933 Decembris.
1530 1892 1632 1946 Cap.
1657 1905 1696 1944 7.

187 1960 284 1998 Δίου
299 1959 417 2008 μηνὸς
436 1958 601 2013 πέμπτῃ,
621 1961 716 1998 κατὰ
738 1960 778 1997 δὲ
799 1959 1010 2008 Ῥωμαίους
1030 1960 1190 2000 νώνναις
1205 1961 1454 2009 Νοεμβρίαις·
1507 1959 1606 2012 Cap.
1635 1973 1644 1998 1
1661 1973 1693 1998 Ι.

185 2028 241 2079 Τῇ
263 2024 293 2064 δ’
318 2027 402 2074 ἑξῆς
424 2026 605 2075 Περιτίου
625 2025 742 2074 μηνὸς
762 2024 883 2078 ἡμέρᾳ
905 2024 1160 2075 ἑκκαιδεκάτῃ,
1181 2027 1355 2075 Μαρτίου
1378 2028 1472 2065 κατὰ
1486 2024 1695 2075 Ῥωμαίους
1710 2030 1759 2065 26

184 2094 207 2142 ἡ
239 2093 310 2142 πρὸ
343 2092 638 2142 δεκατεσσάρων
669 2094 880 2130 καλανδῶν.
942 2092 1151 2130 Postridie
1179 2103 1272 2129 vero
1304 2091 1372 2141 qui
1399 2091 1484 2130 dies
1514 2095 1604 2130 erat
1631 2093 1693 2137 16,

184 2159 332 2197 mensis
361 2159 529 2206 Peritii,
562 2157 640 2196 hoo
670 2161 735 2196 est
761 2157 885 2209 juxta
916 2157 1127 2197 Romanos
1158 2160 1252 2195 ante
1276 2157 1381 2196 diem
1410 2170 1471 2208 14.
1505 2158 1696 2197 calendas

185 2225 382 2264 Ilffartias.
446 2223 649 2277 Evagrius
672 2222 785 2263 Hist.
805 2223 916 2263 Eccl.
935 2223 1003 2263 lib.
1021 2238 1061 2273 4.
1084 2237 1173 2276 cap.
1195 2236 1233 2275 9.
1273 2224 1405 2276 Τούτῳ
1427 2223 1477 2276 τῷ
1498 2223 1695 2277 Ἰουστίνῳ

185 2292 325 2341 ὄγδοον
345 2291 427 2331 ἔτος
455 2293 520 2339 τῆς
549 2291 757 2340 βασιλείας
778 2291 912 2342 ἄγοντι
934 2290 1046 2330 ἐννέα
1066 2307 1108 2330 τε
1129 2293 1249 2339 μῆνας
1269 2289 1363 2340 πρὸς
1382 2290 1507 2339 τρισὶν
1526 2289 1694 2339 ἡμέραις,

184 2356 458 2397 Ἰουστινιανὸς
494 2357 728 2408 ἀδελφιδοῦς
756 2357 870 2395 αὐτοῦ
905 2356 1200 2406 συμβασιλεύει,
1234 2354 1456 2405 ἀναῤῥηθεὶς
1491 2354 1535 2408 τῇ
1566 2355 1695 2405 πρώτῃ

185 2425 252 2462 τοῦ
284 2425 476 2463 Ξανθικοῦ
504 2422 625 2473 ἤγουν
654 2421 885 2472 Ἀπριλλίου
916 2422 1046 2471 μηνὸς,
1080 2422 1155 2462 &a
1222 2423 1355 2460 Porro
1386 2434 1476 2460 Cum
1509 2421 1696 2460 Justz'nus

186 2503 334 2528 annum
365 2490 524 2540 imperii
556 2493 740 2528 octavum
772 2490 1048 2540 transeyz'sset,
1071 2502 1120 2528 ac
1142 2492 1346 2539 praeterea
1376 2500 1528 2526 menses
1557 2500 1696 2526 novem

186 2560 224 2595 et
245 2556 330 2594 dies
350 2559 443 2601 tres,
467 2555 725 2593 Justinianns
751 2556 904 2594 sororis
925 2555 1009 2606 ejus
1020 2554 1137 2605 filius
1165 2568 1247 2593 una
1269 2567 1357 2592 cum
1377 2554 1447 2592 illo
1467 2553 1695 2603 imperavit,

186 2623 394 2673 Auyustus
421 2625 675 2672 nuncupatas
707 2622 771 2660 die
794 2622 930 2673 primo
957 2622 1104 2660 mensis
1131 2621 1342 2669 Xanthioi,
1365 2619 1408 2658 id
1429 2624 1493 2659 est
1513 2618 1695 2659 calendis

188 2687 358 2742 Aprilis,
381 2687 457 2727 &e
523 2687 628 2727 lbid.
671 2688 744 2727 Καὶ
773 2688 917 2727 τούτων
948 2689 1020 2727 ὧδε
1051 2688 1323 2738 προελθόντων
1351 2685 1562 2726 Ἰουστῖνος
1591 2687 1696 2735 μεθί-

188 2771 324 2794 σταται
345 2756 410 2803 τῆς
439 2755 617 2793 ἐντεῦθεν
646 2754 867 2803 βασιλείας,
888 2755 1068 2793 ὑπελθὼν
1089 2754 1157 2803 τὴν
1185 2753 1335 2793 τέλειον
1354 2753 1498 2804 ἡμέραν
1527 2753 1599 2791 ἀνὰ
1626 2752 1696 2800 τὴν

188 2821 339 2870 πρώτην
358 2819 503 2869 ἡμέραν
524 2823 590 2859 τοῦ
621 2821 731 2860 Λώου
752 2824 818 2859 τοῦ
840 2820 900 2860 καὶ
924 2820 1148 2871 Αὐγούστου
1168 2820 1296 2869 μηνὸς,
1321 2820 1394 2859 &aa
1460 2818 1609 2863 Quibus
1635 2818 1696 2857 ita
