1977 3209
306 117 393 143 xxx
643 103 1012 144 OHAPMANNI
1046 101 1495 144 COMMENTATIO

307 211 488 250 nonnulli
512 212 878 263 proescriptionem.
941 210 1000 250 Et
1024 209 1168 263 paucis
1195 208 1443 262 interjectis,
1475 209 1584 247 Zeno
1600 207 1822 261 prescrip-

307 277 414 316 tiws
436 279 496 317 ait
513 291 658 317 causas
678 279 823 329 scripti
845 282 883 317 et
906 278 1126 317 voluntatis
1147 290 1256 316 esse:
1281 276 1518 327 metalepsin
1535 278 1669 314 autem
1691 278 1824 312 trans-

308 343 499 383 lationem
521 343 644 394 faeit.
708 344 760 384 In
781 343 914 398 primo
946 344 1036 383 loco
1066 343 1285 384 manifeste
1316 343 1529 382 Zenonem
1560 341 1671 381 inter
1694 340 1823 394 magi—

309 415 419 450 stros
441 425 536 450 ‚suos
557 416 763 451 numerat.
827 411 911 451 Hic
944 415 1009 451 est
1038 415 1181 451 autem
1211 410 1277 451 ille
1299 410 1462 458 Victor,
1493 410 1610 463 eujus
1634 407 1824 449 meminit

309 476 486 516 Rufinus
512 478 563 517 de
593 477 904 531 Compositione
936 483 979 518 et
1012 477 1165 518 Metris
1196 479 1316 518 Orat.
1356 478 1407 517 Ut
1442 479 1581 517 Cicero
1614 477 1727 524 dic-it,
1754 476 1824 515 isti

307 545 558 596 scripserunt
592 546 704 596 apud
741 545 917 594 Grceeos,
958 546 1298 597 Perasymaclzus,
1340 545 1587 593 Naucrates,
1633 543 1823 593 Goryias,

306 612 512 663 Ephorus,
548 612 768 660 Isocrates,
809 612 1062 661 weodectes,
1094 613 1351 661 Aristoteles,
1393 612 1624 650 Theodorus
1656 611 1824 661 Byzan-

308 679 401 728 tius,
428 679 466 717 T
461 680 741 729 lzeopltrastus,
772 680 1059 730 Hieronymus.
1122 679 1271 718 Latine
1301 679 1350 718 de
1381 679 1558 717 numeris
1588 678 1643 726 hi,
1671 677 1824 725 Cicero,

316 746 561 794 Victoriam,
603 745 817 795 Eusebius,
864 746 1143 794 Terentianus,
1192 745 1338 793 Varro,
1380 745 1552 794 Probus,
1599 744 1824 792 Charisius,

308 812 538 861 Diomedes,
575 812 887 862 Quinctilicmns,
920 812 1121 861 Donatus,
1161 813 1313 861 Victor,
1348 813 1526 861 Servius,
1551 811 1614 850 vel
1646 811 1824 859 Servius,

317 882 468 929 Victor,
501 879 609 920 sicut
645 880 776 920 edidit
805 880 1046 920 Putschius.
1108 879 1269 926 Victor,
1308 884 1355 920 ut
1381 879 1557 927 videtur,
1592 879 1667 918 sub
1700 878 1827 918 finem

309 947 435 988 seculi
472 947 612 1001 quarti
645 948 707 987 vel
748 947 917 988 ineunte
954 947 1100 1000 quinto
1134 946 1357 987 Victorino
1392 951 1434 987 et
1469 946 1611 986 Servio
1646 945 1826 985 fortasse

248 1027 296 1050 10
311 1030 467 1069 suppar
486 1015 628 1055 floruit
645 1024 675 1054 ³.
737 1015 944 1056 Claruerit
965 1015 1094 1069 igitur
1116 1015 1231 1055 Zeno
1255 1015 1365 1055 circa
1386 1029 1482 1055 ann.
1505 1028 1528 1068 3
1534 1027 1600 1067 50.
1624 1013 1708 1052 imo
1728 1026 1826 1066 340.

357 1192 374 1209 a
400 1186 454 1220 De
474 1185 623 1229 Sulpitio
642 1185 795 1224 Victore,
815 1184 955 1229 quando
973 1196 1027 1218 res
1054 1190 1085 1217 et
1103 1191 1241 1228 tempus
1268 1185 1315 1218 ita
1339 1184 1468 1223 ferunt,
1487 1195 1556 1216 non
1584 1193 1730 1227 possum
1756 1193 1827 1214 non

309 1254 450 1277 monere
475 1242 595 1286 paucis
613 1243 789 1281 lectorem,
809 1253 889 1275 eum
914 1242 1002 1275 inter
1026 1241 1182 1275 rhetores
1210 1241 1372 1286 antiquos
1399 1253 1439 1274 ex
1460 1240 1587 1273 Pithoei
1612 1238 1828 1272 Bibliotheca

309 1300 471 1333 collectos
498 1299 615 1332 minus
645 1306 736 1332 recte
761 1305 840 1343 post
859 1298 1007 1332 Curium
1027 1299 1315 1332 Fortunatianum
1342 1304 1507 1342 tanquam
1535 1308 1574 1330 eo
1600 1296 1826 1329 recentiorem

310 1356 480 1390 collocari.
532 1355 765 1389 Crediderunt
795 1355 935 1401 quidem
964 1356 1027 1389 viri
1054 1355 1147 1389 docti
1168 1355 1315 1388 Curium
1334 1355 1624 1388 Fortunatianum
1653 1353 1828 1386 rhetorem

311 1414 411 1457 cujus
424 1418 541 1446 extant
554 1412 657 1446 hodie
673 1412 714 1446 de
729 1412 912 1446 Rhetorica
929 1412 1007 1446 libri
1026 1418 1108 1451 tres,
1122 1412 1228 1445 fuisse
1244 1412 1346 1444 etiam
1363 1411 1579 1449 historicum,
1593 1410 1692 1443 illum
1709 1410 1828 1453 ipsum

309 1470 409 1514 cujus
435 1470 593 1502 meminit
610 1470 727 1503 Julius
749 1469 966 1513 Capitolinus
993 1469 1028 1502 in
1046 1469 1199 1502 Jlaaeimo
1221 1473 1251 1502 et
1275 1468 1433 1501 Balbino.
1487 1467 1539 1500 Ita
1566 1466 1743 1500 Gerardus
1761 1466 1826 1500 Jo-

310 1538 419 1559 annes
437 1526 587 1560 Vossius
607 1526 648 1559 de
668 1526 804 1559 Hister.
825 1526 899 1559 Lat.
919 1527 979 1559 lib.
1001 1537 1031 1559 2.
1051 1537 1125 1569 cap.
1142 1537 1174 1570 3.
1210 1525 1256 1558 Et
1274 1536 1386 1568 nuper
1404 1536 1444 1557 ex
1459 1536 1498 1557 eo
1517 1523 1827 1567 preestantissimus

313 1583 492 1616 Fabricius
518 1583 553 1616 in
582 1583 800 1616 Bibliotheca
833 1595 895 1616 sua
924 1583 1045 1616 Latina
1070 1583 1131 1616 lib.
1150 1595 1182 1624 4.
1211 1594 1284 1625 cap.
1305 1582 1336 1614 8.
1366 1582 1397 1623 ξ.
1417 1594 1448 1623 4.
1499 1581 1632 1614 Verum
1658 1580 1828 1613 falluntur

312 1646 413 1679 certe,
433 1640 483 1672 uti
501 1645 636 1672 constat
654 1651 695 1672 ex
713 1640 845 1672 Aurelii
865 1639 1064 1673 Cassiodori
1082 1639 1170 1672 libro
1189 1638 1230 1672 de
1250 1638 1446 1671 Rhetorica.
1491 1637 1552 1670 llle
1577 1643 1765 1682 postquam
1784 1636 1826 1669 de

314 1696 492 1735 Cicerone,
514 1696 763 1735 Quinctiliano,
783 1696 896 1729 Mario
915 1697 1017 1729 etiam
1035 1696 1229 1735 Victorino,
1248 1695 1353 1729 verba
1370 1695 1519 1731 fecisset.
1538 1694 1613 1727 haec
1632 1693 1826 1738 subjungit.

314 1753 595 1786 Fortunatianum
614 1765 691 1786 vero
709 1753 877 1786 doctorem
892 1754 1081 1794 Not-ellum,
1097 1754 1154 1798 qui
1172 1754 1279 1786 trihus
1294 1753 1514 1786 voluminibus
1532 1752 1571 1784 tle
1588 1752 1651 1784 liae
1669 1763 1705 1784 re
1721 1750 1828 1784 subti-

314 1810 392 1842 liter
409 1810 597 1853 minuteque
615 1811 790 1850 tractacit,
811 1811 841 1843 in
856 1811 1024 1854 pussillari
1042 1810 1156 1844 codice
1173 1810 1414 1854 apteforsitaa
1436 1813 1720 1852 conyrueuterque
1739 1807 1829 1840 redi-

311 1867 421 1909 {simus
431 1881 446 1904 ;
475 1871 509 1899 ut
528 1871 558 1899 et
575 1867 760 1909 fastidium
782 1868 900 1900 lectori
919 1869 1029 1907 tollat,
1049 1872 1080 1900 et
1099 1879 1170 1911 quse
1187 1872 1265 1900 suut
1284 1867 1485 1905 necessaria,
1506 1869 1728 1909 competenter·
1746 1864 1828 1897 insi-

315 1927 391 1955 nuet
402 1938 417 1960 ;
445 1923 531 1956 hune
549 1924 649 1966 lessus,
670 1924 822 1968 quisquis
841 1925 1017 1957 brevitatis
1035 1929 1167 1957 amator
1185 1929 1244 1957 est.
1298 1924 1392 1957 Hinc
1411 1924 1570 1967 colligere
1586 1923 1645 1956 vix
1672 1922 1829 1955 dubitem

317 1979 342 2013 F
345 1980 609 2013 ortunatianum
635 1980 821 2020 rhetorem,
840 1981 1005 2014 historico
1031 1982 1137 2014 altero
1155 1982 1266 2014 multo
1284 1981 1390 2014 fuisse
1413 1980 1639 2013 recentiorem
1656 1985 1689 2012 et
1706 1991 1725 2012 a
1744 1978 1829 2012 Cas-

315 2036 443 2070 siodori
476 2036 692 2080 temporibus
725 2037 821 2070 haud
854 2038 957 2080 longe
987 2043 1171 2070 remotum.
1223 2036 1439 2081 Neutiquam
1468 2035 1561 2068 enim
1596 2033 1828 2068 Cassiodorus

313 2091 520 2125 historicum
539 2093 597 2137 qui
615 2099 694 2126 ante
713 2092 936 2126 Constantini
954 2093 1006 2126 M.
1022 2099 1158 2126 aetatem
1176 2104 1239 2125 sua
1258 2091 1393 2135 scriptis
1412 2090 1610 2129 mandabat,
1629 2089 1652 2122 i.
1671 2101 1699 2122 e.
1719 2100 1829 2122 annos

315 2154 393 2182 ante
412 2159 447 2182 se
466 2148 541 2193 (qui
559 2149 700 2182 ineunte
719 2151 848 2182 saeculo
867 2156 963 2183 sexto
983 2150 1082 2192 vixit)
1102 2149 1143 2182 ad
1163 2150 1350 2182 minimum
1369 2147 1549 2186 ducentos,
1568 2146 1738 2179 doctorem
1756 2145 1829 2178 Νο-

314 2205 434 2238 vellum
459 2205 686 2248 appellasset,
714 2206 907 2249 praesertim
933 2217 1011 2239 cum
1040 2205 1154 2238 Mario
1174 2205 1356 2238 Victorino
1380 2203 1578 2237 istiusmodi
1603 2213 1732 2235 nomen
1757 2213 1830 2235 non

315 2261 492 2300 tribueret,
513 2261 571 2305 qui
589 2268 667 2304 post
686 2262 801 2305 ipsum
821 2262 1110 2295 Fortunatianum
1129 2262 1334 2295 historicum
1352 2261 1480 2294 floruit.
1518 2260 1610 2293 Hinc
1629 2271 1732 2304 porro
1751 2271 1828 2292 sus-

315 2317 421 2361 picari
438 2317 528 2356 licet,
547 2317 655 2350 libros
675 2317 915 2352 Fortunatiani
934 2318 975 2352 de
995 2318 1182 2352 Rhetorica
1200 2329 1288 2363 quos
1310 2329 1404 2351 nunc
1422 2317 1604 2356 habemus,
1623 2328 1695 2350 non
1713 2322 1829 2350 extare

314 2372 488 2418 hodieque
506 2374 624 2418 quales
642 2374 715 2418 ipse
736 2386 793 2408 eos
819 2374 927 2408 edidit
946 2375 1228 2414 Fortunatianus,
1247 2386 1370 2408 verum
1396 2374 1513 2418 quales
1540 2385 1581 2406 ex
1599 2373 1749 2417 epitome
1767 2385 1831 2406 sua

317 2428 411 2462 dedit
429 2429 672 2464 Cassiodorus.
724 2431 848 2476 Neque
867 2443 949 2465 sane
966 2432 1167 2465 mirandum
1193 2431 1279 2465 adeo
1303 2437 1365 2471 est,
1383 2431 1478 2464 viros
1497 2436 1612 2463 tantos
1631 2436 1701 2463 tam
1720 2430 1829 2475 insig-

315 2486 405 2519 niter
423 2497 534 2519 errare
551 2488 718 2530 potuisse.
770 2487 874 2532 Lapsi
892 2495 975 2521 sunt
993 2489 1082 2522 enim
1102 2488 1258 2521 similiter
1276 2487 1451 2521 interdum
1469 2487 1534 2520 viri
1551 2487 1655 2520 etiam
1672 2487 1828 2521 maximi.

317 2542 490 2586 Exemplo
509 2543 579 2576 sint
600 2543 739 2577 Isaacus
765 2545 819 2577 ille
847 2544 1089 2583 Casaubonus,
1109 2551 1142 2578 et
1161 2544 1351 2578 Salmasius
1377 2543 1645 2577 illustrissimus.
1699 2543 1767 2576 Hic
1793 2543 1830 2576 in

318 2598 578 2642 Prolegomenis
597 2599 639 2633 ad
660 2600 832 2640 Solinum,
852 2601 1068 2634 Priscianum
1096 2601 1361 2645 grammaticum
1381 2600 1446 2634 sub
1465 2600 1485 2634 J
1490 2601 1607 2633 uliano
1624 2600 1829 2644 imperatore

317 2655 475 2689 floruisse
493 2655 597 2695 dicit;
625 2668 704 2689 cum
723 2663 839 2690 tamen
858 2664 950 2690 certo
969 2658 1012 2690 sit
1031 2658 1156 2691 certius
1175 2669 1255 2690 eum
1274 2657 1339 2690 sub
1358 2657 1560 2691 Justiniano
1577 2657 1724 2696 vixisse3
1747 2669 1828 2690 ana-

317 2710 518 2745 chronismo
547 2724 722 2746 annorum
743 2713 820 2747 160.
871 2715 968 2746 Alter
995 2714 1051 2746 ille
1081 2714 1116 2746 in
1145 2714 1237 2746 notis
1267 2713 1311 2746 ad
1337 2713 1550 2747 Athenaeum
1575 2713 1635 2746 lib.
1654 2724 1683 2747 1.
1703 2725 1775 2758 cap.
1794 2722 1827 2758 5.

320 2766 490 2800 Rufinum
502 2768 760 2812 Aquileiensem
778 2770 979 2814 episcopum
990 2777 1102 2810 vocat,
1117 2782 1197 2803 cum
1211 2776 1326 2804 tamen
1338 2782 1416 2804 eum
1436 2771 1668 2814 episcopalem
1682 2769 1829 2803 infulam

319 2833 501 2868 nunquam
519 2825 672 2870 attigisse
689 2833 803 2870 pateat
820 2839 860 2861 ex
880 2827 1062 2861 Gennadio
1081 2827 1302 2860 Massiliensi.
