1977 3209
286 113 369 152 xliv
619 111 991 154 GHAPMANNI
1025 110 1474 151 COMMENTATIO

279 217 453 267 probari
475 217 651 268 cuipiam
663 217 810 267 possit.
864 216 914 253 In
930 215 1148 266 evangeliis
1169 215 1417 265 dispensatio
1433 215 1507 253 illa
1529 215 1640 253 circa
1652 228 1803 266 porcos

289 298 314 322 a
348 284 554 322 daemoniis
586 297 606 322 e
636 296 734 334 rupe
759 282 1043 333 prcecipitatos
1077 281 1149 319 &a
1209 280 1277 319 Ad
1306 294 1394 320 rem
1424 280 1657 320 redeamus,
1718 281 1803 320 Eu-

288 348 426 388 sebius
453 348 572 388 Dem.
600 349 756 402 Evang.
785 348 855 387 lib.
881 348 918 386 8.
972 346 1098 386 εὈθεν
1129 346 1190 385 καὶ
1220 349 1322 396 παρὰ
1352 349 1430 387 τοῖς
1461 346 1665 397 ἀκριβέσιν
1696 345 1802 386 ἀντι-

288 414 453 467 γράφοις
484 420 560 455 τῶν
587 415 896 465 Ἕβδωμήκωντα.
968 414 1079 452 Unde
1115 418 1154 452 et
1187 414 1231 452 in
1266 414 1561 464 exemplaribus
1590 414 1719 452 LXX
1744 416 1803 454 in-

289 487 509 535 terpretum
530 483 880 522 emendatissimis.
933 481 1128 520 Socrates
1151 480 1263 519 Hist.
1288 479 1357 519 lib.
1383 491 1419 531 7.
1442 493 1532 532 cap.
1551 492 1615 532 32.
1659 480 1805 520 Αὐτίκα

288 553 382 600 γοῦν
402 550 592 600 ἠγνόησεν
620 549 867 599 (Νεστόριος)
893 547 952 586 ὅτι
982 548 1022 586 ἐν
1049 547 1092 601 τῇ
1117 547 1301 600 καθολικῇ
1323 544 1508 585 Ἰωάννου
1533 545 1728 597 γέγραπτο
1762 549 1804 587 ἐν

288 619 366 656 τοῖς
387 620 568 656 παλαιοῖς
590 612 843 665 ἀντιγράφοις
860 614 933 654 &o
982 612 1187 653 Valesius.
1242 613 1427 651 Primam
1443 613 1580 663 itaque
1600 613 1805 664 ignoravit

292 681 547 734 (Nestorius)
584 682 625 720 in
662 682 865 720 catholica
901 682 1075 720 Joarmis
1115 681 1285 731 epistola
1320 681 1381 718 ita
1415 681 1612 730 scriptum
1647 694 1730 719 esse
1762 681 1806 719 in

289 748 468 799 antiquis
484 748 794 798 eoeemplarz'bus,
813 749 884 786 ἃς.
948 746 1210 800 Epiphanius
1226 747 1441 785 Aneorato
1463 759 1635 799 oap.31.
1673 745 1805 785 Ἀλλὰ

290 815 361 861 καὶ,
387 814 566 860 ἔκλαυσε,
585 817 704 853 κεῖται
727 814 768 852 ἐν
789 814 839 867 τῷ
864 815 958 852 κατὰ
979 813 1134 852 Λουκᾶν
1151 813 1381 865 Εὐαγγελίῳ
1405 813 1447 851 ἐν
1463 816 1541 853 τοῖς
1562 813 1806 862 ἀδιορθώτοις

288 878 554 931 ἀντιγράφοις.
616 879 826 920 Petavius.
890 881 974 919 Sed
1001 884 1052 929 et,
1078 880 1273 931 ploravit,
1304 883 1349 917 ut
1382 879 1425 917 in
1456 879 1652 929 evanyelii
1683 878 1806 918 Lucoe

288 947 584 997 eoeemplaribus
602 960 676 986 non
701 947 895 985 correctis
917 947 1077 997 lefsitar.
1121 944 1236 997 (Scio
1251 944 1417 997 quidem
1434 944 1568 983 virum
1581 943 1737 997 optime
1755 945 1806 984 de

225 1022 274 1057 30
290 1011 528 1051 Christiano
545 1018 588 1052 et-
609 1012 795 1052 literario
812 1012 911 1051 orbe
928 1011 1123 1051 meritum
1144 1011 1173 1049 -J
1177 1024 1353 1050 oannem
1371 1010 1553 1049 Minium
1573 1011 1697 1050 aliter
1716 1011 1806 1051 haeo

289 1077 417 1116 verba
436 1076 664 1130 Epiphanii
686 1082 728 1117 et
758 1077 1066 1131 interpunxisse
1089 1082 1131 1117 et
1156 1077 1408 1117 intellexisse
1429 1077 1471 1116 in
1494 1077 1806 1132 prolegomenis

288 1143 342 1182 ad
375 1142 425 1182 N.
449 1143 497 1182 T.
520 1157 559 1182 n.
595 1144 688 1197 798.
767 1143 929 1183 Verum
968 1143 1069 1182 mihi
1110 1143 1245 1182 locum
1285 1143 1395 1183 hune
1437 1143 1507 1182 diu
1547 1144 1806 1198 multumque

287 1209 472 1248 versanti
493 1214 536 1249 et
558 1210 808 1262 expendenti
830 1209 942 1249 aliud
959 1209 1079 1262 longe
1102 1209 1249 1249 suadet
1269 1214 1490 1249 contextus
1511 1209 1642 1263 ipsius
1664 1211 1804 1256 series,

287 1280 582 1329 argumentum
615 1280 658 1315 et
690 1290 850 1329 scopus,
888 1275 997 1315 sicut
1033 1275 1253 1315 ostendere
1289 1275 1401 1315 haud
1437 1276 1662 1316 admodum
1698 1279 1806 1316 refu—

287 1357 428 1396 gerem
470 1342 502 1382 si
543 1348 653 1382 esset
693 1343 817 1396 hujus
857 1343 949 1382 loci.
1009 1343 1118 1382 Illud
1159 1357 1255 1382 vero
1292 1342 1351 1382 Cl.
1386 1342 1491 1381 Viro
1532 1343 1723 1383 facillime
1764 1348 1807 1384 et

288 1408 559 1449 libentissime
583 1409 802 1459 assent-ior,
836 1423 974 1449 errare
1003 1414 1096 1449 toto
1128 1409 1231 1449 coelo
1255 1409 1463 1458 Grotium,
1486 1423 1582 1449 cum
1610 1410 1693 1450 ista
1714 1425 1806 1463 quae

289 1475 330 1514 in
371 1475 448 1514 hoc
489 1475 626 1529 capite
663 1476 713 1515 de
755 1475 999 1516 orthodoxis
1040 1476 1169 1516 refert
1213 1475 1484 1529 Epiphanius,
1526 1475 1568 1515 in
1607 1477 1806 1530 praesides

290 1541 590 1582 ecclesiasticos
622 1542 845 1596 rejicienda
872 1556 962 1582 esse
988 1542 1231 1596 judiearet.)
1298 1542 1516 1582 Philoxeni
1537 1543 1685 1597 glossae
1709 1543 1804 1584 Lat.

292 1608 423 1649 Graeo.
484 1610 723 1660 Eoeemplar,
746 1610 995 1660 ἀντίγραφον.
1060 1608 1326 1649 Graeco—Lat.
1359 1609 1608 1660 ἀντίγραφον,
1631 1612 1806 1662 rescrip-

291 1679 388 1725 tam,
429 1677 664 1726 exemplam,
707 1677 925 1727 eoeemplar.
994 1675 1061 1715 Ita
1103 1675 1231 1715 etiam
1271 1674 1427 1728 passim
1468 1675 1701 1716 scholiastae
1741 1691 1807 1717 ve-

292 1741 512 1782 tustissimi
537 1742 579 1780 in
610 1742 839 1782 Pindarum
868 1746 911 1782 et
939 1742 1208 1795 Apollonium
1230 1742 1454 1782 Rhodium.
1517 1745 1684 1793 Βίβλιων
1709 1759 1806 1784 vero

293 1809 406 1861 apud
437 1814 598 1848 veteres
630 1808 839 1848 diversum
871 1808 970 1862 quid
1000 1810 1053 1849 ab
1085 1808 1312 1862 exemplari
1348 1809 1624 1863 significabat,
1659 1825 1806 1865 nempe

293 1875 522 1928 epistolam.
591 1874 752 1915 Suidas.
794 1877 972 1925 Βιβλίων,
998 1875 1199 1925 ἐπιστολή.
1257 1877 1422 1925 Βιβλίων
1443 1876 1571 1916 etiam
1592 1877 1804 1930 epist-olas.

295 1941 542 1994 Hesychius.
578 1943 737 1991 Βιβλία,
759 1943 922 1991 βυβλία,
946 1943 1159 1981 ἐπιστολαί.
1224 1941 1308 1981 Pro
1339 1941 1454 1981 libris
1482 1942 1611 1983 etiam
1636 1958 1807 1997 genera-

292 2007 389 2047 liter
405 2007 586 2061 acoeptis
604 2009 901 2062 usurpabatur.
963 2008 1196 2048 Athenaeus
1212 2008 1282 2047 lib.
1296 2021 1334 2061 3.
1375 2010 1631 2061 Καλλίμαχος
1652 2011 1672 2048 ὁ
1687 2027 1807 2061 γραμ-

291 2074 447 2122 ματικὸς
493 2075 536 2113 τὸ
584 2075 686 2125 μέγα
733 2076 899 2124 βιβλίον
939 2077 1026 2114 ἴσον
1067 2075 1205 2126 ἔλεγεν
1246 2074 1344 2114 εἶναι
1387 2075 1438 2128 τῷ
1485 2076 1644 2128 μεγάλῳ
1693 2079 1806 2130 κακῷ.

293 2139 628 2193 Daleohampius.
664 2141 936 2180 Callimachus
959 2142 1256 2192 yrammaticus
1286 2142 1419 2180 dicere
1446 2142 1599 2181 solebat
1619 2156 1808 2194 maynum

292 2205 444 2245 librum
476 2220 620 2258 mayno
651 2208 757 2245 malo
780 2220 927 2257 parem
958 2220 1052 2245 esse.
1117 2206 1275 2245 Glossae
1305 2206 1526 2246 Philoxeni
1549 2207 1682 2247 Greec.
1710 2209 1801 2249 Lat.

291 2273 447 2321 Βιβλία,
491 2273 596 2311 libri.
659 2274 836 2321 Βιβλίων,
882 2273 1049 2321 libellus,
1088 2273 1200 2320 liber,
1238 2273 1377 2312 eodeoe.
1443 2273 1522 2312 His
1562 2273 1807 2328 suffragium

291 2337 400 2377 ferat
428 2337 556 2378 etiam
577 2339 716 2378 Julius
738 2339 888 2378 Pollux
914 2339 955 2377 in
979 2338 1248 2378 Onomastico
1269 2339 1339 2378 lib.
1366 2352 1426 2378 10.
1452 2354 1541 2392 cap.
1565 2353 1628 2389 14.
1691 2343 1737 2380 Εἰ
1765 2344 1807 2381 δὲ

409 2404 469 2442 ἐπὶ
490 2404 558 2452 τὴν
579 2405 673 2455 πρὸς
693 2407 741 2444 τὰ
761 2406 906 2454 βιβλία
927 2405 1139 2444 συνουσίαν
1160 2421 1215 2446 τις
1243 2403 1425 2455 τράποιτο
1448 2406 1524 2446 &Q
1586 2406 1673 2446 Ubi
1703 2407 1808 2448 liber

293 2469 333 2508 in
363 2483 411 2508 eo
440 2483 561 2509 sensu
586 2470 707 2524 longe.
736 2471 938 2524 longeque
963 2471 1016 2510 ab
1047 2470 1272 2523 exemplari
1297 2470 1447 2511 differt.
1509 2472 1572 2512 De
1601 2474 1806 2528 exempla-

292 2536 406 2575 ribus
426 2536 486 2576 ita
507 2537 690 2590 loquitur
706 2538 815 2577 idem
837 2538 905 2577 lib.
929 2539 964 2576 8.
985 2551 1074 2590 cap.
1093 2541 1130 2576 (2.
1174 2541 1262 2576 Τῶν
1283 2539 1323 2576 δὲ
1346 2541 1572 2577 ὃικαστικῶν
1592 2538 1804 2589 ὀνομάτων,

291 2606 543 2653 γραμματεῖα,
568 2605 842 2654 διαμαρτυρίαι,
865 2606 1053 2652 διαθῆκαι,
1078 2605 1310 2654 ἀντίγραφα.

351 2669 390 2720 ξ.
421 2681 480 2716 ¹4·
515 2668 594 2707 His
615 2669 798 2708 breviter
825 2669 1038 2722 expositis.
1062 2669 1186 2709 latius
1217 2669 1435 2722 aliquanto
1457 2669 1700 2710 diducendis
1727 2671 1806 2710 nisi

292 2734 372 2774 alio
412 2734 603 2774 traherer
649 2735 1039 2788 impraesentiarum,
1081 2734 1316 2774 coronidem
1358 2735 1574 2787 imponant
1614 2737 1806 2777 observa—

231 2821 275 2856 31
293 2802 429 2843 tiones
456 2801 547 2842 aliae
576 2803 681 2851 duae,
712 2816 854 2842 verum
885 2802 1033 2842 diversi
1061 2802 1237 2856 generis.
1301 2802 1431 2841 Primi
1458 2802 1526 2850 sit,
1556 2807 1806 2857 argumenta,
