1977 3209
710 131 1131 171 PRAEFATIo.
1606 130 1677 170 xix

164 239 243 283 ubi
269 239 390 296 quod
417 239 463 282 in
489 240 647 282 codice
679 240 887 297 sequitur
922 239 1130 284 scholion
1158 238 1283 295 (cum
1320 238 1542 283 lemmate
1577 238 1677 297 ὅρος

165 312 254 375 γὰρ
279 315 422 361 αὐτοῖς
446 313 631 372 ἄλλοις),
658 315 721 358 sic
747 322 816 359 est
840 316 1075 373 scriptura]
1096 315 1217 359 vitiis
1243 315 1550 366 liberandum,
1569 312 1677 373 πρὸς

165 387 253 450 γὰρ
292 388 342 433 αὖ
378 396 469 437 τοῖς
507 387 659 437 ἄλλοις
693 390 812 448 <qum
854 397 961 434 sunt
997 390 1311 450 Hermogenis
1347 391 1487 434 verba
1518 389 1605 434 vol.
1632 405 1674 448 3.

164 481 206 523 p.
245 481 349 526 192,
383 467 499 523 16.):
551 467 604 514 εἷς
639 465 738 514 τοὺς
769 466 1206 518 ὑπομνηματῖσαντας
1240 469 1324 510 τῶν
1350 466 1677 517 Δημοσθενικῶν

163 540 309 599 λόγων
333 541 458 589 ἐνίους
482 542 755 586 ἀποτείνεται
791 542 857 585 καὶ
901 541 971 588 τὰς
1007 542 1103 603 περὶ
1141 543 1275 586 αὐτῶν
1301 541 1473 601 Θεωρίας
1498 544 1678 601 φιλοτι-

163 616 349 676 μότερον
387 615 822 678 ἐπεξεργασαμένους,
864 617 1107 661 Βασιλικόν
1149 617 1290 672 (male
1326 617 1475 661 codex
1501 616 1680 660 0ΧοΠί-

164 693 285 736 ensis
324 698 372 736 etv
413 693 487 736 hic
531 699 578 737 et
616 694 663 736 in
705 708 838 737 versu
881 692 924 735 Τ
927 699 1067 737 zetzae
1109 693 1394 738 Βασιλίσκος.
1466 692 1540 736 De
1572 707 1681 736 vera

164 768 363 812 nominis
401 769 549 812 forma
587 775 768 813 constat
808 784 866 812 ex
910 769 1054 814 suida
1093 785 1126 814 s.
1155 785 1194 814 v.
1223 768 1480 825 Βασιλικός)
1522 789 1572 812 τε
1612 768 1679 812 καὶ

163 842 331 894 Ζήνωνα
368 844 434 887 καὶ
471 843 571 891 τοὺς
607 845 789 895 ὁμοίους.
850 846 1244 903 quemadmodum
1283 845 1379 888 haec
1415 845 1586 903 scripta
1618 844 1683 888 le—

162 926 339 978 guntur
364 921 410 963 in
436 920 621 964 scholiis
645 921 701 964 ad
729 920 1078 980 Hermogenem
1106 921 1195 964 vol.
1225 934 1266 980 7.
1294 936 1336 978 p.
1366 921 1472 980 878.
1544 920 1681 972 Quod

164 1002 322 1039 autem
350 995 592 1040 Zenonem
618 996 852 1039 rhetorem
874 997 1129 1041 Citiensem
1156 997 1296 1041 fuisse
1323 996 1436 1040 dicit
1458 996 1681 1048 Meierus,

164 1072 222 1115 ab
251 1087 343 1114 uno
370 1071 516 1115 Suida
540 1072 765 1115 traditum
791 1078 873 1124 est,
900 1074 972 1116 cui
1012 1072 1296 1116 subobscura
1333 1071 1422 1115 fuit
1459 1072 1683 1115 memoria

165 1148 260 1199 viri,
309 1162 449 1205 quem
496 1147 827 1207 πολυθρύλητον
875 1148 996 1192 (lixit
1044 1147 1292 1192 scholiasta
1335 1146 1682 1191 Demosthenis.

165 1224 243 1268 Sic
269 1226 392 1268 enim
417 1224 576 1268 scribit
602 1224 782 1276 Suidas,
808 1224 961 1278 Ζήνων,
988 1224 1161 1272 Κιτιεύς
1180 1230 1215 1268 x.
1287 1224 1323 1266 εἰ
1357 1221 1400 1266 δὲ
1436 1225 1581 1284 ῥήτωρ
1617 1243 1683 1270 τις

164 1299 210 1349 ἧν
234 1297 255 1349 ἦ
282 1298 543 1359 φιλόσοφος
568 1297 740 1350 ἄδηλον.
789 1297 971 1359 ἔγραψε
998 1298 1109 1359 Περὶ
1136 1297 1348 1351 στάσεων,
1371 1298 1484 1359 ΪῙερῖ
1510 1296 1683 1359 σχημά-

160 1394 257 1427 των,
281 1373 541 1425 ’Υπόμνημα
574 1375 628 1421 εἷς
666 1374 944 1435 Ξενοφῶντα,
979 1376 1032 1422 εἷς
1068 1373 1253 1428 Λυσίαν,
1297 1375 1350 1422 εἷς
1388 1374 1682 1426 Δημοσθένην,

166 1449 278 1510 Περὶ
305 1447 660 1510 ἐπιχειρημάτων.
734 1449 819 1494 Est
845 1450 965 1494 haud
994 1450 1134 1494 dubie
1159 1451 1283 1494 idem
1310 1466 1402 1509 quo
1432 1451 1543 1494 artis
1579 1450 1683 1493 rhe-

164 1527 320 1570 toricae
345 1527 566 1585 magistro
596 1542 643 1570 se
678 1541 810 1570 usum
851 1540 949 1569 esse
986 1532 1140 1569 narrat
1178 1525 1411 1584 Sulpicius
1435 1525 1601 1570 Victor
1635 1526 1683 1569 in

164 1603 438 1661 praefatione
479 1603 536 1646 ad
570 1602 897 1646 Institutiones
939 1603 1159 1645 oratorias
1198 1603 1255 1645 ad
1297 1601 1506 1647 Silonem
1542 1616 1683 1660 gene-

164 1694 267 1722 rum
288 1694 296 1722 :
334 1679 457 1722 unde
482 1678 638 1722 seculo
664 1684 829 1736 quarto
856 1679 1010 1722 medio
1047 1693 1154 1721 eum
1180 1678 1348 1722 vixisse
1382 1677 1683 1736 probabiliter

165 1755 354 1814 collegit
392 1753 721 1812 Chapmannus
757 1758 793 1811 ξ.
823 1767 882 1810 4.,
917 1769 1010 1797 11011
1050 1755 1265 1798 obstante
1302 1755 1482 1805 Tzetza,
1521 1754 1598 1812 qui
1634 1755 1682 1797 in

165 1831 372 1875 versibus
397 1845 531 1888 supra
557 1830 777 1888 appositis
803 1828 1070 1881 Basilicum,
1098 1829 1340 1874 Zenonem
1366 1837 1413 1874 et
1438 1829 1682 1874 Zosimum

165 1906 485 1950 Ascalonitam
520 1912 628 1949 ante
656 1905 1005 1964 Hermogenem
1032 1905 1200 1949 vixisse
1225 1906 1389 1948 statuit
1415 1905 1585 1963 triplici
1612 1921 1682 1948 er-

166 1998 280 2026 rore.
376 1982 498 2025 Nam
548 1980 896 2040 I‘Iermogenem
948 1980 1111 2023 Marco
1169 1979 1378 2031 Aurelio,
1427 1980 1681 2025 Basilicum

168 2056 444 2108 Maximino,
486 2055 727 2099 Zosimum
769 2054 1089 2099 Ascalonitnm
1131 2054 1381 2098 Anastasio
1424 2055 1680 2113 imperante

165 2134 335 2177 vixisse
373 2132 555 2176 scimus.
628 2131 811 2175 Erravit
854 2146 960 2174 vero
999 2131 1332 2189 Chapmannus
1375 2131 1419 2173 in
1460 2146 1514 2173 co
1557 2132 1678 2188 quod

166 2208 409 2253 Zenonem
451 2207 583 2251 illum
631 2207 766 2258 Citio,
808 2222 910 2264 quse
959 2207 1097 2265 Cypri
1145 2207 1255 2250 urbs
1302 2213 1387 2259 est,
1432 2207 1680 2250 oriundum

223 2392 239 2410 Υ-
273 2383 443 2429 [Nomen
477 2382 606 2418 Κιτιεύς
645 2381 886 2429 Bernhardyo
918 2381 963 2416 ab
1001 2380 1098 2415 mala
1134 2392 1247 2415 manu
1285 2380 1484 2415 accessisse
1522 2380 1680 2422 videtur,

167 2452 331 2483 sumtum
352 2447 460 2482 exiis
491 2459 570 2493 quae
602 2445 734 2480 Suiclas
764 2445 887 2492 paullo
917 2449 1002 2479 ante
1032 2444 1076 2479 de
1103 2444 1255 2478 Zenone
1278 2443 1444 2483 Citiensi,
1468 2443 1680 2479 Stoicorum

167 2513 344 2559 principe,
381 2511 528 2552 dixerit,
562 2510 835 2556 videndumque
869 2521 948 2544 esse
983 2521 1028 2543 ne
1065 2508 1168 2543 Zeno
1203 2508 1347 2542 dicatur
1379 2507 1572 2555 Myndius,
1609 2520 1680 2554 quo

169 2576 356 2611 Zenobius
377 2580 502 2610 utatur
523 2574 697 2609 proverb.
720 2585 755 2614 2,
778 2584 842 2617 30.
865 2585 1047 2619 quemque
1068 2572 1164 2607 inter
1185 2571 1367 2620 lllyndios
1390 2571 1575 2607 rettulerit
1597 2571 1679 2607 Ste-

168 2640 313 2686 phanus
334 2638 537 2687 Byzantius
559 2651 585 2672 s.
606 2651 641 2673 V.
665 2637 806 2672 Μύνδος.
849 2637 941 2680 Quae
964 2637 1068 2671 valde
1091 2636 1229 2671 incerta
1250 2636 1464 2682 conjectura
1484 2640 1549 2675 est,
1569 2648 1681 2681 quum

171 2703 383 2750 Stephanus
413 2715 488 2737 non
519 2702 691 2738 rhetorem
721 2701 888 2736 nominet
909 2701 1114 2742 Zenonem,
1137 2701 1201 2735 sed
1220 2701 1448 2735 Ἀπολλώνιον
1477 2700 1529 2733 καὶ
1552 2698 1681 2742 Ζήνωνα

171 2767 336 2802 Μυνδίους
372 2767 629 2812 γραμματικοὺς,
665 2765 850 2812 proverbii
889 2770 1013 2800 autem
1050 2764 1306 2811 interpretatio
1346 2775 1454 2810 qnam
1493 2761 1680 2796 Zenobius

170 2836 353 2865 memorat
373 2830 452 2877 ipsa
473 2842 617 2877 quoque
638 2829 870 2877 grammatici
891 2828 1013 2875 potius
1034 2840 1114 2863 esse
1134 2828 1303 2863 videatur
1324 2839 1434 2873 quam
1454 2824 1646 2870 rhetoris]

959 2893 1037 2936 bz
