1977 3209
712 115 1136 156 PRAEFATIO.
1602 119 1669 159 xvi

163 223 285 269 Bibl.
311 240 353 283 p.
371 238 481 284 492,
498 237 575 281 40.
637 224 721 268 Est
748 240 854 269 vero
879 225 1037 284 procul
1065 226 1205 270 dubio
1235 226 1427 285 Byblius
1452 227 1672 285 sophista,

162 301 354 358 aequalis
396 299 622 344 Hadriani
671 307 719 344 et
757 301 991 353 Aristidis,
1025 316 1164 359 quem
1202 302 1260 345 ad
1300 302 1532 346 AEschinis
1573 319 1672 347 ora-

163 376 314 420 tiones
360 377 716 420 commentarios
775 378 1006 436 scripsisse
1064 377 1253 437 colligas
1312 394 1371 422 ex
1423 378 1566 422 schol.
1615 379 1672 422 ad

163 451 367 495 AEschin.
395 468 432 495 c.
458 452 575 496 Tim.
601 467 644 510 p.
673 467 743 504 12,
782 468 848 496 11.
882 454 954 497 ed.
982 453 1044 496 ΙΙ.
1072 453 1234 512 Steph.
1307 454 1401 498 Sed
1430 454 1518 498 hoc
1544 455 1672 512 quasi

162 527 433 585 praeteriens
468 528 712 578 adnotabo,
737 534 975 572 auctorem
1013 529 1291 573 scholiorum
1322 531 1379 573 ad
1405 530 1674 574 AEschinem

162 604 436 661 scriptorum
463 604 604 647 ctiam
630 605 676 646 in
701 603 1021 663 Thucydidem
1054 610 1102 648 et
1127 604 1498 649 Demosthenem
1531 606 1674 650 videri

163 691 261 720 esse
287 684 684 732 coninicntatun13
721 694 826 723 nam
865 680 922 723 ad
949 694 990 737 p.
1019 691 1060 738 5,
1088 696 1131 740 3.
1158 681 1379 740 legimus:
1416 683 1468 729 ὠς
1491 682 1675 739 ἔγνωμεν

162 752 203 795 ἐν
226 758 318 800 τοῖς
351 752 655 799 Θουκυὸιόείοις
686 755 726 797 ἐν
751 759 813 810 τῷ
848 753 1026 815 δευτέρῳ
1056 756 1177 814 (quae
1202 763 1413 815 spectant
1443 759 1499 802 ad
1531 758 1674 802 SCllOl.

162 827 308 872 Thuc.
337 844 376 880 2,
407 831 480 887 2);
521 830 664 890 [adde
689 830 830 873 schol.
858 830 913 874 ad
942 846 983 888 p.
1007 847 1048 890 9,
1075 843 1152 890 35,
1176 846 1249 891 27,
1271 831 1339 892 9.]
1380 834 1435 877 ad
1462 849 1506 892 p.
1531 834 1604 886 28,
1631 850 1674 893 3.

162 904 346 961 ἔγνωμεν
370 905 436 948 καὶ
462 908 596 948 τοῦτο
623 906 663 948 ἐν
687 911 778 952 τοῖς
809 906 1145 956 Δημοσθενικῶς
1176 910 1296 965 (quae
1321 908 1485 952 eadem
1511 915 1676 952 extant

163 981 210 1023 in
231 981 422 1039 hypoth.
450 981 505 1024 ad
528 997 590 1024 or.
612 983 659 1024 in
677 981 801 1024 Ctes.
824 997 867 1039 p.
891 994 1000 1040 354.
1023 982 1093 1026 cd.
1113 982 1293 1038 Reisk.)
1315 990 1362 1027 et
1382 984 1538 1041 paullo
1557 991 1674 1042 post,

162 1058 214 1103 ὠς
248 1057 314 1100 καὶ
351 1061 487 1100 τοῦτο
523 1058 708 1115 ἔγνωμεν
738 1058 779 1100 ἐν
803 1061 865 1114 τῷ
899 1056 1003 1118 ὑπὲρ
1030 1056 1255 1118 στεφάνου
1292 1059 1500 1117 (hypotll.
1529 1060 1675 1117 ibid.).

166 1132 256 1192 [Et
289 1133 352 1177 sic
388 1133 497 1176 alibi
527 1134 695 1192 saepius
728 1134 772 1176 in
808 1133 878 1177 his
910 1133 1106 1185 scholiis,
1145 1134 1201 1177 de
1233 1135 1400 1192 quibus
1426 1151 1536 1178 mox
1561 1136 1677 1179 alius

163 1208 295 1252 nobis
332 1210 419 1252 erit
458 1209 586 1253 locus
627 1209 825 1253 dicendi.
898 1210 953 1253 ln
993 1211 1157 1254 iisdem
1201 1210 1277 1264 (ad
1320 1225 1362 1268 p.
1392 1222 1464 1270 79‚
1494 1210 1588 1267 24.)
1627 1213 1678 1258 ὡς

161 1284 345 1341 ἔγνωμεν
369 1282 410 1326 ἐν
434 1291 526 1331 τοῖς
554 1283 867 1345 Πινδαρικοῖς]
932 1285 1269 1344 Fragmentunl
1291 1284 1600 1329 Ἀπολλωνιόυ
1624 1288 1678 1334 εἷς

162 1359 378 1420 Αἰσχίνην
403 1358 603 1419 ἐξήγησις
627 1361 899 1419 inscriptum
926 1361 972 1403 in
999 1359 1159 1405 Reisk.
1181 1361 1293 1405 edit.
1319 1377 1362 1419 p.
1391 1377 1461 1406 12.
1489 1363 1554 1419 (in
1575 1363 1676 1406 cod.

166 1436 368 1480 Helmst.
408 1436 504 1496 περὶ
531 1435 749 1496 Αἰσχίνου
767 1437 974 1496 ῥήτορος)
994 1436 1051 1479 ad
1070 1452 1208 1494 quem
1233 1436 1588 1494 Apolloniorum
1609 1453 1679 1481 re-

163 1513 407 1556 ferendum
445 1513 503 1556 sit
537 1527 629 1555 non
654 1518 864 1563 constat3
902 1512 959 1556 de
988 1511 1183 1556 Moloue
1220 1527 1311 1555 non
1348 1514 1676 1571 cogitandum3

163 1589 304 1632 fuerit
341 1590 390 1640 is,
428 1603 566 1646 quem
609 1590 731 1633 inter
767 1589 951 1632 Graecos
993 1588 1200 1632 rhetoras
1238 1588 1393 1633 Verus
1429 1590 1680 1648 imperator

163 1665 340 1708 audivit
378 1663 598 1722 (Capitol.
631 1680 669 1708 c.
699 1664 759 1719 2).
837 1663 911 1707 Ex
954 1664 1146 1723 hypoth.
1183 1665 1239 1707 ad
1284 1665 1481 1724 Antiph.
1522 1681 1584 1709 or.
1623 1667 1679 1709 de

163 1741 276 1784 caed.
304 1741 427 1783 chor.
454 1755 495 1798 p.
526 1741 634 1800 760.
671 1747 718 1784 et
744 1756 803 1784 ex
828 1740 968 1784 schol.
996 1741 1190 1784 Aristid.
1218 1740 1414 1785 Panath.
1440 1757 1482 1799 p.
1503 1755 1579 1797 44,
1604 1753 1678 1800 25.

165 1814 308 1860 Dind.
356 1816 544 1875 colligas
593 1832 752 1860 eorum
801 1832 984 1874 quoque
1033 1823 1243 1860 auctores
1292 1816 1680 1861 Demosthenicas

163 1891 395 1935 orationes
421 1892 723 1950 explicuisse3
761 1892 923 1949 quodsi
958 1907 1116 1934 verum
1144 1897 1228 1943 est,
1253 1892 1352 1949 jam
1389 1892 1497 1936 hinc
1522 1908 1681 1937 conse-

163 1969 321 2026 quitur
346 1969 594 2027 Sopatrum
629 1983 813 2026 quoque
839 1969 1196 2026 Apameensem,
1224 1983 1363 2025 quem
1397 1969 1680 2013 scholiorum

162 2042 383 2086 Aristidis
430 2048 667 2086 auctorem
719 2048 884 2100 putant
933 2042 1157 2095 (Fromm.
1200 2041 1340 2085 Praef.
1374 2057 1415 2099 p.
1453 2043 1579 2097 xixa),
1623 2044 1680 2086 de

166 2118 488 2162 Demosthene
514 2133 613 2162 esse
638 2124 1021 2162 commentatum.

231 2210 273 2254 3.
309 2194 571 2252 Asclepius,
598 2195 644 2238 in
670 2195 854 2238 scholiis
877 2195 933 2238 ad
958 2194 1229 2253 Philippicae
1255 2195 1413 2253 primae
1438 2194 1682 2236 exordium

164 2286 206 2328 p.
232 2284 309 2326 40,
338 2286 375 2313 Ι.
403 2276 450 2314 et
485 2270 558 2314 De
595 2270 708 2314 falsa
744 2269 832 2329 leg.
870 2286 912 2328 p.
940 2270 1074 2329 [342‚
1100 2271 1194 2330 11.]
1226 2282 1337 2329 375,
1365 2281 1442 2328 25.
1470 2269 1578 2329 378,
1611 2268 1681 2312 18.

165 2345 299 2389 Idem
337 2346 694 2390 commentarios
730 2347 777 2389 in
807 2346 1127 2405 Thucydidem
1165 2347 1346 2404 scripsit
1374 2345 1532 2403 (schol.
1560 2345 1683 2387 Thu-

165 2423 265 2480 cyd.
299 2437 334 2473 1,
362 2422 458 2480 56),
484 2423 532 2465 in
569 2422 736 2479 quibus
773 2422 916 2465 etiam
953 2422 1011 2466 de
1049 2422 1360 2480 descript-ione
1400 2421 1550 2479 operis
1586 2420 1682 2478 egit

166 2496 450 2556 (lilarcellin.
478 2497 577 2542 Vit.
602 2497 809 2555 Thucyd.
836 2497 989 2552 eXt1·.).

230 2588 275 2630 4.
311 2574 610 2626 Athanasius,
650 2574 697 2617 in
744 2572 918 2617 scholio
966 2573 1021 2616 ad
1071 2588 1112 2631 p.
1155 2586 1260 2633 732,
1304 2572 1377 2617 28.
1449 2572 1539 2616 Est
1585 2573 1681 2615 sine

167 2650 308 2694 dubio
345 2651 395 2703 is,
433 2651 510 2708 qui
551 2650 607 2693 de
646 2650 931 2693 orationibus
961 2649 1180 2692 Aristidis
1217 2654 1560 2692 commentatus
1599 2653 1680 2698 cst,

167 2727 400 2771 excitatus
443 2726 500 2770 ab
543 2727 641 2784 ejus
683 2725 825 2769 schol.
868 2741 911 2784 p.
948 2724 1022 2784 76.
1060 2724 1164 2768 168.
1204 2724 1308 2767 182.
1379 2722 1582 2766 Fromm.
1623 2723 1681 2765 cf.

170 2801 372 2846 Fromm.
398 2802 522 2860 praef.
549 2817 593 2859 p.
618 2801 710 2844 xvi.
783 2800 917 2844 Idem
955 2800 1191 2844 excitatur
1226 2798 1366 2842 schol.
1394 2797 1680 2855 Hermogen.

167 2892 212 2935 p.
239 2877 341 2932 146.
368 2876 477 2921 Ald.
510 2877 649 2935 [apud
671 2875 907 2919 Walzium
936 2875 1024 2918 vol.
1045 2888 1089 2930 4.
1115 2890 1157 2932 p.
1185 2884 1293 2933 359.
1320 2873 1408 2916 vol.
1430 2883 1472 2930 5.
1499 2887 1541 2930 p.
1569 2883 1678 2931 353.

982 2951 1011 2993 b
