1977 3209
676 125 1102 165 PR-AEFATIO.
1595 141 1647 166 xv

130 231 504 293 proverbiorumi
529 231 840 290 explicatione
866 231 1027 284 clarus,
1053 231 1110 275 ab
1135 230 1359 276 Sallustio
1376 229 1398 257 k
1423 231 1643 289 sophista,

129 324 269 367 quem
305 309 390 353 sub
415 308 599 352 Tiberio
634 307 842 352 floruisse
868 307 1046 359 volunt,
1071 307 1129 350 ab
1158 304 1465 364 Apollonidel
1489 307 1646 351 Nicae-

130 385 240 435 ensi,
274 385 371 442 ejus
408 383 591 442 aequali,
627 382 686 427 ab
722 382 1089 441 Hermogenem,
1122 382 1199 440 qni
1236 382 1321 426 sub
1361 381 1645 433 Domitiano,

129 460 187 504 ab
226 458 466 503 Numenio
503 459 727 503 rhetore¹¹
770 464 818 502 et
861 457 1067 502 Diodoro
1105 457 1379 516 philosopho
1395 464 1427 508 ⁰,
1466 456 1645 502 Valerii

130 534 356 579 Pollionis
380 534 689 579 Alexandrini
726 533 835 586 filio,
863 533 940 591 qui
977 534 1062 577 sub
1100 532 1340 577 Hadriano
1376 532 1643 584 floruerunt,

129 610 187 655 ab
211 609 333 654 AElio
352 610 542 654 Theone
560 617 579 645 P
593 608 934 661 Alexandrino,
957 613 1416 667 progymnasmatum
1442 613 1644 660 auctore,

129 686 186 731 ab
234 685 465 730 Herone‘l
512 685 806 732 Atheniensi,
859 685 1050 729 incertae
1108 692 1307 742 utroque
1365 685 1528 737 aetatis,
1587 684 1645 727 ab

182 856 191 883 i
223 859 354 894 Libros
379 870 438 905 13.
462 859 506 894 de
527 858 731 905 proverbiis
753 858 960 904 inscripsit;
992 860 1076 904 πρὸς
1104 860 1181 894 τοὺς
1209 861 1283 904 περὶ
1314 863 1499 904 παροιμιῶν
1527 874 1644 893 συντε-

129 925 284 968 ταχότας.
334 922 443 958 Phot.
465 922 548 957 cod.
574 931 661 969 279.
683 935 718 969 p.
741 932 831 968 530,
853 934 886 956 a.
916 933 971 957 ιο,
995 922 1051 956 ed.
1074 922 1193 957 Bekk.

182 985 202 1011 k
235 986 338 1022 Suid.
362 1000 390 1021 s.
412 1000 444 1021 v.
467 986 684 1022 Σαλούστιος.
744 986 959 1021 Hemsterh.
981 986 1027 1021 ad
1048 987 1164 1021 schol.
1187 987 1380 1034 Aristoph.
1404 987 1500 1023 Plut.
1525 996 1616 1035 725,

182 1049 191 1075 Ῑ
223 1051 346 1097 Hujus
367 1052 541 1094 ὑπόμνημα
562 1053 637 1096 περὶ
656 1051 933 1096 παραπρεσβείας
953 1051 1186 1094 Δημοσθένους
1206 1051 1408 1086 Ammonio
1430 1064 1457 1086 S.
1472 1064 1507 1086 v,
1525 1052 1647 1097 ὅφλων

129 1119 455 1150 commemoratur.

183 1184 213 1203 ¹1²
244 1178 563 1214 Commentariun]
601 1190 706 1212 suum
743 1178 789 1212 ad
823 1177 1030 1212 orationem
1061 1177 1281 1224 Leptineam
1312 1178 1391 1225 ipse
1426 1178 1565 1214 excitat
1600 1179 1645 1214 de

128 1241 236 1276 form.
263 1247 355 1276 orat.
375 1254 406 1283 1,
429 1253 486 1276 12.
508 1241 580 1276 vol.
604 1251 641 1285 3.
663 1254 698 1287 p.
724 1252 812 1287 290,
835 1252 896 1289 15.
918 1242 958 1275 τὰ
978 1242 1024 1277 εἰς
1044 1241 1260 1286 Δημοσθένην
1278 1241 1505 1286 ὑπομνήματα,
1529 1240 1574 1277 ὧν
1594 1244 1646 1277 καὶ

129 1306 226 1341 αὐτὸς
244 1307 387 1340 ποιεῖται
406 1305 533 1350 μνήμην
553 1304 700 1352 Syrian.
724 1305 761 1339 in
784 1305 966 1352 Hermog.
989 1305 1034 1340 de
1054 1304 1163 1340 form.
1186 1306 1256 1340 vol.
1283 1314 1314 1352 7.
1336 1318 1371 1352 p.
1394 1317 1456 1352 90.

183 1375 202 1393 n
234 1368 307 1404 Hic
328 1374 550 1416 argumenta
570 1369 780 1404 orationum
802 1368 1069 1404 Demosthenis
1091 1374 1128 1404 et
1153 1373 1218 1403 τῶν
1237 1370 1442 1404 Θουκυδίδου
1463 1371 1514 1404 καὶ
1534 1376 1645 1415 Δημο-

130 1432 270 1468 σθένους
297 1436 418 1478 χρειῶν
447 1433 644 1478 συναγωγὴν
675 1432 832 1479 scripsit.
893 1432 1039 1472 suidas,
1068 1432 1263 1477 Νουμήνιος,
1288 1433 1412 1479 ῥήτωρ.
1471 1435 1555 1479 Περὶ
1583 1437 1649 1468 τῶν

128 1498 186 1539 τῆς
215 1497 340 1539 λέξεως
371 1498 562 1541 σχημάτων,
591 1496 788 1531 Ὕποθέσεις
817 1500 882 1530 τῶν
915 1497 1120 1530 Θουκυδίδου
1151 1498 1203 1531 καὶ
1238 1497 1488 1541 Δημοσθένους,
1519 1501 1648 1543 Χρειῶν

131 1561 337 1605 συναγωγὴν,
353 1560 514 1607 Ἀδριανῷ
534 1560 801 1605 παραμυθητικὸν
821 1561 866 1595 εἷς
884 1559 1063 1594 Ἀντίνοον.
1128 1560 1291 1605 [Praeter
1311 1561 1489 1596 ὑποθέσεις
1510 1561 1648 1596 oratio-

130 1635 219 1658 num
239 1622 508 1658 Demosthenis
537 1624 582 1659 ab
613 1623 771 1658 Libanio
802 1623 960 1669 scriptas
987 1623 1219 1659 verbosiores
1249 1624 1417 1670 quaedam
1449 1637 1647 1671 argumen-

129 1693 253 1722 torum
273 1687 525 1734 expositiones
556 1693 756 1737 supersunt
786 1687 832 1722 ad
862 1687 1050 1722 orationes
1081 1694 1165 1723 octo
1190 1688 1266 1734 (De
1295 1700 1397 1735 pace,
1420 1689 1475 1724 De
1497 1701 1647 1729 corona,

130 1751 187 1787 De
217 1751 308 1787 falsa
341 1751 541 1799 legatione,
571 1750 803 1799 Leptineam‚
838 1751 1061 1790 Midianam,
1093 1750 1405 1792 Androtioneam,
1437 1752 1646 1788 Aristocra-

130 1822 241 1856 team,
262 1815 579 1859 Timocrateam):
612 1828 692 1862 quae
724 1827 843 1862 neque
878 1815 1057 1851 Numenii
1088 1827 1156 1850 nec
1185 1815 1375 1851 Posidonii
1410 1815 1648 1863 Olbiopolitae

131 1890 212 1914 esse
232 1884 401 1925 possunt,
417 1891 530 1926 quum
550 1879 587 1913 in
608 1884 830 1926 argumento
852 1878 1032 1913 orationis
1054 1879 1098 1914 de
1119 1878 1211 1914 falsa
1230 1879 1418 1926 legatione
1438 1879 1650 1914 Menander

130 1942 260 1978 rhetor
279 1948 519 1982 memoretur,
543 1942 604 1988 qui
624 1948 709 1988 post
729 1943 812 1976 illos
831 1942 933 1977 vixit.
993 1943 1087 1977 Sunt
1107 1942 1187 1977 haec
1207 1948 1429 1990 argumenta
1450 1943 1495 1976 ab
1515 1942 1646 1977 iisdem

130 2006 343 2041 rhetoribus
376 2006 513 2052 scripta
547 2005 679 2051 quibus
713 2005 910 2051 ampliores
946 2017 1025 2051 quae
1061 2010 1259 2051 supersunt
1289 2005 1498 2040 orationum
1529 2017 1646 2052 expo-

133 2069 287 2105 sitiones
306 2069 511 2104 rhetoricas
532 2069 743 2115 debemus.]

186 2139 204 2158 ⁰
234 2133 306 2168 Hic
327 2133 486 2179 ἐξήγησιν
506 2132 651 2179 scripsit
673 2136 739 2166 τῶν
760 2134 964 2176 ζητουμένων
982 2133 1072 2177 παρὰ
1091 2135 1160 2168 τοῖς
1181 2132 1199 2166 ι’
1219 2132 1391 2178 ῥήτορσιν.
1425 2132 1546 2177 (Suid.
1565 2145 1594 2167 s.
1612 2145 1645 2168 V.

132 2197 284 2231 Πωλίων.
316 2197 511 2242 Διόδωρος.)
544 2201 581 2231 et
600 2197 733 2239 λεξικὸν
751 2200 817 2230 τῶν
835 2197 925 2241 παρὰ
944 2198 1013 2231 τοῖς
1032 2196 1109 2230 δέκα
1128 2195 1270 2242 ῥήτορσι
1288 2196 1426 2240 λέξεων,
1444 2196 1544 2242 quod
1563 2208 1646 2232 cum

132 2259 271 2296 Juliani
297 2260 418 2295 lexico
447 2259 499 2294 ita
528 2259 726 2306 conspiret,
748 2264 789 2294 ut
809 2259 841 2294 ei
871 2259 1128 2306 exemplorum
1155 2265 1300 2294 tantum
1328 2265 1365 2295 et
1385 2259 1647 2295 auctoritatum

132 2335 288 2359 numero
309 2323 428 2359 cedat.
463 2323 588 2367 (Phot.
611 2323 694 2359 cod.
718 2332 803 2371 150.
825 2324 903 2371 15.)
953 2323 1029 2366 Qui
1049 2323 1171 2358 sintne
1193 2323 1327 2358 diversi
1346 2323 1441 2364 libri,
1462 2336 1537 2358 non
1557 2336 1645 2359 con-

134 2392 219 2422 stat.
276 2386 399 2430 Quam
429 2398 518 2422 vero
554 2386 742 2421 Diodorus
775 2385 980 2421 rhetorices
1010 2385 1218 2421 finitionem
1251 2386 1391 2427 statuit,
1421 2391 1525 2421 extat
1551 2386 1648 2433 apud

136 2449 312 2497 Spengel.
331 2465 451 2495 συναγ.
472 2464 562 2495 τεχν.
584 2461 620 2496 p.
644 2460 732 2495 224.

189 2525 209 2548 P
241 2513 355 2548 Hunc
386 2512 673 2548 commentarios
699 2511 737 2547 in
766 2512 1071 2559 Xenophontem,
1104 2512 1323 2555 Isocratem,
1354 2512 1648 2549 Demosthenem

134 2581 172 2611 et
191 2581 412 2623 argumenta
431 2575 618 2611 rhetorica
637 2575 829 2624 scripsisse
850 2581 979 2611 auctor
999 2582 1054 2610 est
1077 2575 1180 2611 Suid.
1203 2588 1233 2611 s.
1255 2588 1289 2610 v.

188 2648 208 2674 q
238 2641 310 2676 Hic
330 2645 463 2688 praeter
483 2639 666 2676 Dinarchi
686 2640 972 2681 enarrationem,
995 2646 1131 2690 praeter
1160 2641 1449 2676 commentarios
1469 2641 1506 2675 in
1528 2641 1648 2676 Hero-

136 2706 278 2747 dotum,
295 2705 600 2754 Xenophontem,
617 2705 888 2753 Thucydidem,
911 2706 993 2747 alia,
1007 2706 1142 2741 librum
1164 2707 1311 2756 scripsit
1325 2708 1401 2752 περὶ
1420 2710 1485 2741 τῶν
1504 2707 1652 2752 ἀρχαίων

135 2768 285 2814 ῥητόρων
304 2770 357 2803 καὶ
377 2773 442 2804 τῶν
459 2771 580 2815 λόγων,
602 2766 650 2804 οἷς
670 2769 824 2813 ἐνίκησαν
842 2770 925 2814 πρὸς
945 2769 1127 2812 ἀλλήλους.
1181 2769 1285 2805 Suid.
1309 2782 1338 2805 S.
1362 2783 1394 2805 v.
1410 2769 1540 2814 Ἴ-Ιρων.
